2754 5018
691 284 735 353 5ss

142 477 233 559 ρίαν,
263 475 321 550 τὴν
348 472 410 538 ὰπὸ
433 480 497 537 τῶν
521 472 705 548 Ἀθηναίων
728 473 873 541 ὕπουλον
896 479 1045 561 εὐνομίαν
1068 483 1106 547 ού
1130 511 1247 568 προτιμ

142 573 269 640 σασαι.”
336 577 373 638 Εἰ
391 569 428 653 (ί)
478 569 509 637 δὲ
548 573 711 657 τᾶρρενικὰ
762 583 831 653 τοῖς
872 577 1027 656 θηλυκοῖς
1072 586 1247 649 συνέταττοι

142 678 246 760 ὥσπερ
292 675 387 754 οὗτος
433 677 602 751 πεποίηκε,
636 674 694 748 τὰς
735 676 862 758 γενικὰς
899 677 968 743 ἀντὶ
1005 686 1069 746 τῶν
1104 686 1247 749 αῖτιατικι

141 780 292 844 πτώσεων
314 774 624 861 παραλαμβάνοντες
643 772 702 853 (9),
719 774 911 850 σολοικίζειν
926 777 965 845 civ
981 781 1033 866 ὑφ’
1049 782 1138 864 ἡμῶν
1154 782 1246 867 λε’γοι

142 907 178 945 το
196 876 246 959 (ι)
307 876 384 943 Κύτι
418 878 456 942 τὰ
493 885 634 942 τοιαῦτα·
686 880 786 940 »Καὶ
822 880 872 958 μὴ
902 885 950 965 τῷ
978 881 1120 956 πλήθει
1150 883 1247 950 airu·

142 978 504 1065 καταπλαγέντες.”
540 979 586 1042 Ού
609 975 672 1063 γιῖρ
695 979 743 1041 ἐπὶ
767 986 822 1052 τῆς
839 976 962 1059 δοτικῆς
976 984 1125 1059 πτώσεως
1141 987 1247 1069 ἐσχημ

140 1084 246 1145 τίσθαι
268 1081 327 1156 τὴν
349 1077 436 1154 λεἘιν
460 1077 628 1163 ἥρμοττεν,
652 1075 727 1142 ἀλλ’
750 1079 798 1141 ἐπὶ
820 1089 876 1154 τῆς
892 1083 1074 1162 αἰτιατικῆς·
1100 1088 1168 1149 »καὶ
1183 1087 1223 1165 μὴ

139 1177 268 1255 πλῆθος
299 1179 402 1243 αὐτῶν
420 1174 458 1257 (4)
485 1175 766 1261 καταπλαγέντες.”
812 1175 893 1244 Odit
916 1179 978 1266 γάρ
1004 1187 1060 1267 »τῇ
1083 1181 1189 1268 (παρα)
1211 1211 1247 1248 τι

139 1284 222 1345 θεῶν
254 1283 337 1364 ὀργῇ
367 1274 568 1362 φοβεῖσθαι”
602 1275 719 1362 λέγοιτ’
753 1276 792 1342 ἅν
822 1306 886 1356 τις,
916 1277 1002 1345 ιἰλλιῖ
1025 1285 1083 1356 τὴν
1106 1287 1170 1346 τῶν
1192 1286 1247 1349 θει

140 1381 254 1465 ὀργήν.

573 1563 735 1640 ΟΑΡΠΤ
756 1565 835 1640 ΧΙΙ.

177 1733 218 1807 ,Ἡ
264 1730 296 1798 δὲ
333 1730 419 1814 παρὰ
453 1733 528 1805 τοὺς
560 1732 703 1828 χρόνους
736 1735 800 1795 τῶν
828 1728 980 1816 ῥημάτων
1010 1731 1201 1820 ἐκβεβηκυῖα
1241 1769 1247 1803 ι

136 1831 342 1908 κατάλληλον
366 1831 484 1916 φράσις
506 1834 632 1905 τοιαύτη
655 1834 704 1909 τίς
727 1833 807 1895 ἐστι·
855 1835 1014 1898 »Καίτοι
1037 1839 1066 1898 ei
1088 1833 1247 1921 ῥᾳθυμί

133 1934 293 2017 μᾶλλον
324 1933 495 2008 ἢπόνωυ
517 1932 679 2018 μελέτη,
702 1937 760 1996 καὶ
782 1935 831 2014 μὴ
853 1936 942 2014 μετὰ
967 1937 1095 2018 νόμων
1119 1939 1162 2004 τὸ
1184 1940 1235 2005 πλ

134 2062 178 2100 ον
201 2033 219 2109 ἢ
242 2034 392 2118 τρόπων
415 2030 603 2117 ιἰυδρείας
627 2029 891 2115 ἐθίλοιμεν(ὄ)
919 2031 1184 2117 κινδυνεύειν,
1208 2067 1247 2104 πι

133 2138 352 2221 ριγίγνεται
394 2135 486 2215 ἡμῖν
522 2142 607 2208 τοῖς
644 2162 682 2198 τε
718 2133 935 2216 μέλλουσιν
973 2135 1184 2220 ἀλγεινοῖς
1218 2169 1238 2224 μ

132 2239 372 2324 προκάμνειν
404 2236 474 2315 κᾶς
508 2234 597 2302 οὔτ’Ι
618 2236 780 2302 ἐλθοῦσι
802 2239 854 2320 μὴ
877 2237 1173 2326 ἀτολμοτέροις
1194 2248 1236 2308 τῶ

133 2338 185 2404 ιἰεὶ
217 2339 477 2423 μοχθούντων
502 2336 744 2422 φαίνεσθαι.”
788 2337 947 2403 Ἐνταῦθα
968 2339 1031 2424 γὰρ
1056 2343 1092 2406 τὸ
1114 2348 1171 2424 μὲν
1194 2345 1247 2409 ἐθέ

132 2436 277 2520 λοιμεν
311 2434 393 2521 ῥῆμα
427 2441 484 2500 τοῖι
516 2434 696 2517 μέλλοντός
719 2438 783 2500 ἐστι
807 2439 930 2522 χρόνον
953 2435 1151 2517 δηλωτικὸν,
1175 2440 1246 2508 τὸδ

130 2539 407 2621 περιγίγνεται
450 2538 506 2598 τοῦ
546 2536 719 2619 παρόντος.
773 2534 974 2601 Ἀκόλουθον
1012 2534 1039 2602 δ’
1075 2539 1115 2604 ἂν
1150 2545 1205 2619 ἦν,
1236 2572 1246 2608 ε

131 2633 293 2709 συνίζευξε
315 2639 360 2720 τῷ
382 2632 585 2715 ἐθέλοιμεν
606 2635 643 2698 τὸ
666 2637 874 2719 περίεσται.
900 2635 989 2713 (Κᾶτι
1005 2637 1042 2701 τι)
1058 2645 1185 2704 τοιαῦτα
1197 2645 1212 2720 )
1223 2639 1247 2720 (6

132 2741 225 2799 νΤοῖι
248 2762 284 2798 τε
307 2734 382 2818 γὰρ
405 2735 561 2818 χωρίου
583 2734 624 2796 τὸ
641 2728 892 2817 δυσέμβατον
908 2736 1092 2820 ἡμέτερον
1115 2739 1247 2822 νομίζω

129 2831 221 2912 ὂ(7),
243 2835 448 2916 μενόντων
469 2835 542 2914 μὲν
564 2833 691 2914 ἡμῶν,
715 2834 924 2918 σύμμαχον
946 2839 1150 2920 γίγνεται,
1173 2840 1246 2905 ὑπο

160 3035 197 3102 (1)
231 3036 314 3098 Vulgo
340 3037 369 3086 oi.
403 3033 485 3097 sceptu
502 3036 538 3083 ed.
556 3039 582 3084 et
596 3051 665 3086 meus
682 3037 733 3086 cod.
750 3036 777 3086 M
793 3041 859 3086 recte
876 3037 903 3086 εἰ.
937 3037 970 3086 Ια
986 3039 1073 3089 iisdem
1090 3045 1114 3089 et
1131 3043 1157 3090 in
1175 3042 1247 3093 ACL]

125 3115 246 3179 ἀρρενικὰ
263 3130 309 3177 pro
327 3115 455 3178 ἀρσενικὰ.

158 3190 194 3257 (2)
229 3192 409 3256 λαμβάνοντες
426 3189 477 3239 ΙιΒ.

157 3269 193 3337 (3)
228 3271 269 3320 Ite
297 3275 361 3320 recte
390 3269 471 3331 Steph.
500 3271 536 3318 od
554 3274 580 3318 et
595 3269 644 3320 mei
661 3269 720 3321 MR.
757 3271 846 3334 Vulgo
863 3273 980 3325 absurde:
997 3277 1247 3342 παραλαμβάνοντες

123 3353 305 3407 σολοικίζειν-
323 3349 426 3415 λέγοιτο
445 3351 487 3398 παῖ
504 3353 541 3398 ἔτι
559 3369 580 3400 τ.
597 3368 618 3401 τ.

158 3428 194 3494 (4)
230 3429 320 3492 scripti
337 3431 425 3480 αὐτῶν
440 3441 487 3490 pro
503 3431 556 3479 τῶν
573 3429 719 3492 πολεμίων,
736 3429 804 3493 quod
819 3427 1004 3493 interpretandi
1018 3434 1101 3483 studio
1117 3438 1204 3485 uatum
1215 3453 1247 3486 eu

124 3506 203 3555 bieme
218 3522 352 3570 pronomen
369 3506 456 3556 αὐτῶν
473 3505 594 3568 expulisse
611 3505 716 3558 videtur.
750 3507 830 3557 Locus
847 3513 883 3558 eet
900 3509 977 3560 Thuc.
995 3509 1047 3571 IV,
1067 3513 1105 3559 10.
1138 3513 1247 3564 Moxeus

125 3589 223 3648 pontum
240 3585 319 3634 habeo
336 3589 415 3650 παρα

158 3661 194 3729 (5)
229 3663 304 3712 Recte
331 3663 377 3714 vii
404 3665 472 3714 docti
495 3663 545 3714 iam
573 3663 713 3728 Thucydidi
728 3664 887 3714 reddiderunt
903 3665 1023 3731 ἐθέλομεν
1039 3683 1052 3716 e
1069 3669 1120 3717 cod.
1137 3669 1247 3719 Vindobc

123 3745 199 3792 uenei.
235 3743 329 3792 Contra
346 3760 360 3792 u
378 3742 498 3808 Dionysio
517 3742 674 3808 Thucydides
691 3743 793 3807 accipiet
810 3744 991 3808 ἀτολμοτέροις
1007 3761 1050 3806 pro
1062 3747 1247 3811 ἀτολμοτέροις

121 3835 169 3884 qua
185 3822 215 3869 de
231 3836 258 3869 re
274 3820 323 3869 ium
338 3823 434 3870 monuit
451 3818 618 3871 Biomflcidiue
634 3818 662 3868 iu
677 3819 719 3883 glo
731 3836 779 3872 sur.
802 3820 833 3870 ed
850 3820 967 3886 Aeschyli
984 3822 1032 3884 Ag.
1044 3825 1099 3871 241.
1133 3821 1245 3873 Vocabul

121 3901 294 3964 περιγίγνεται
311 3926 346 3935 ·-
362 3903 519 3964 προκάμνειν
541 3901 629 3951 absunt
651 3915 665 3949 ιι
682 3898 800 3963 Stephani
816 3901 853 3949 ed.
871 3904 897 3949 et
913 3902 973 3950 meis
992 3901 1061 3950 codd.
1078 3899 1128 3952 Bo.
1163 3903 1247 3966 Reliqu

121 3976 227 4036 habent;
256 3991 333 4040 quaro
358 3980 469 4029 cancellis
495 3997 523 4030 ea
539 3978 614 4029 verba
628 3978 736 4027 liberavi.
769 3977 830 4027 Mox
846 3983 1021 4045 περιγίγνεται
1039 3995 1085 4041 pro
1103 3984 1247 4046 περιγίνετα

119 4057 185 4102 recte
201 4053 301 4118 quidem
317 4054 379 4106 mei:
397 4073 445 4122 qua
462 4060 491 4107 de
507 4073 534 4106 re
550 4072 601 4106 nou
618 4057 724 4119 emplius
741 4057 852 4106 monebo.
889 4057 968 4105 Locus
986 4063 1068 4105 autem
1083 4057 1123 4106 hie
1135 4063 1173 4107 cst
1185 4059 1247 4108 Thu(

121 4131 163 4192 11,
182 4134 211 4180 39
230 4138 307 4195 extu,
323 4133 344 4182 is
362 4135 404 4198 qui
419 4137 529 4200 sequitur
546 4134 600 4199 IV,
622 4138 660 4183 10.

154 4208 190 4272 (6)
226 4208 263 4256 De
279 4212 420 4262 coniectura
436 4214 519 4263 addidi
535 4213 634 4261 inclusa.
652 4211 733 4260 Possis
750 4227 846 4277 quoque
863 4213 906 4262 καὶ
923 4214 1013 4275 adite,
1030 4213 1059 4262 ci.
1077 4229 1127 4276 cup.
1146 4213 1223 4264 XIII.

150 4290 186 4355 (7)
220 4289 332 4354 Plerique
359 4295 426 4342 codd.
471 4294 583 4357 Thucyd.
610 4291 727 4340 omittunt
749 4291 927 4354 prominenti,
953 4307 1002 4356 quo
1019 4293 1117 4354 deleto,
1141 4295 1239 4358 relique

118 4369 249 4433 μενόντων
267 4369 383 4421 -ἔσται
399 4373 506 4422 editores
523 4370 650 4421 novissimi
665 4377 799 4432 posuerunt
815 4371 842 4418 in
858 4370 1013 4434 parenthesi,
1029 4372 1092 4421 mele
1109 4373 1198 4423 omisso
1214 4372 1247 4438 pe

117 4451 172 4509 post
187 4448 331 4511 μενόντων,
348 4452 413 4514 quod
429 4453 582 4516 quantocyus
599 4464 612 4498 e
629 4452 712 4498 nostro
729 4450 901 4499 revocandum.
