2754 5018
606 276 642 355 ss

56 469 98 544 ξα
114 467 176 549 (1),
209 469 267 543 τὰς
297 470 413 559 ἐκείνου
450 462 550 538 λέξεις
582 467 830 551 παρασχόμενος
847 464 899 545 (θ).
943 467 1197 554 Ἀναμφιλόγοις

57 569 109 655 ἄρ’
130 567 166 648 (ἶ)
199 564 411 647 ἀποδέδεικται
444 568 641 649 τεκμηρίοις,
676 569 723 630 ὅτι
752 567 869 642 πάντες
904 570 933 631 οἱ
969 571 1197 648 Δημοσθένους

56 673 186 755 ἀγῶνες
217 673 247 735 οἱ
280 670 344 753 πρὸ
372 678 429 743 τῆς
464 663 682 751 Λυσιμαχίδου
712 668 816 752 ἀρχῆς
839 671 873 732 ἐν
896 667 1072 747 ἐκκλησίαις
1094 697 1125 733 τε
1149 672 1196 733 καὶ

56 767 272 854 δικαστηρίοις
321 771 485 854 γενόμενοι
533 772 722 851 προτεροῦσι
742 764 787 844 (Δ)
841 770 906 831 τῶν
953 767 1197 852 Ἀριστοτέλους

56 899 216 955 τεχνων.

477 1097 643 1176 CAPUT
685 1099 779 1176 XlL

101 1295 233 1381 Ἑτέραν
267 1291 299 1360 δὲ
318 1290 356 1372 (5)
396 1296 575 1378 προσθήσω
609 1297 784 1379 μαρτυρίαν
818 1295 903 1379 παρὰ
936 1301 993 1360 τοῦ
1017 1294 1199 1382 φιλοσόφου

58 1396 200 1484 λαβὼν,
233 1395 267 1471 ἐξ
289 1401 325 1471 ἧς
350 1395 391 1462 ἔτι
413 1395 543 1477 μᾶλλον
567 1395 650 1460 ’ἔσται
674 1398 833 1482 φανερὸν,
857 1400 905 1463 ὅτι
926 1398 999 1480 μετὰ
1023 1400 1080 1463 τὸν
1102 1398 1198 1464 πόλε-

57 1529 121 1583 μον
144 1503 203 1565 τὸν
226 1496 395 1584 συμβάντα
418 1507 485 1578 τοῖς
507 1497 696 1575 Ἀθηναίοις
718 1501 801 1584 πρὸς
825 1500 1007 1578 Φίλιππον,
1031 1504 1061 1565 αἱ
1083 1499 1199 1586 ῥητο·

58 1605 164 1686 ρικαὶ
188 1601 432 1684 συνετάχθησαν
454 1599 506 1662 ὑπ’
529 1599 627 1663 αὐτοῦ
657 1603 815 1685 τέχναι,
855 1605 1083 1682 Δημοσθένους
1104 1603 1200 1684 ἀκμά-

58 1700 178 1776 ζοντος
202 1697 261 1775 ἤδη
284 1699 359 1764 κατὰ
382 1699 440 1773 τὴν
462 1697 648 1775 πολιτείαν,
671 1704 718 1764 καὶ
743 1701 866 1775 πάντας
891 1702 1050 1784 εἰρηκότος
1072 1703 1148 1779 τούς
1168 1729 1200 1766 τε

58 1790 294 1883 δημηῖχορικοὺς
317 1801 364 1862 καὶ
387 1800 462 1875 τοὺς
487 1794 662 1874 δικανικοὺς
686 1798 832 1884 λόγους,
856 1802 901 1865 ὧν
924 1799 1027 1885 ὀλίγῳ
1042 1802 1198 1885 πρότερον

58 1901 233 1980 ἐμνήσθην.
280 1893 412 1969 Διεξιὼν
448 1896 512 1980 γὰρ
550 1900 625 1971 τοὺς
662 1899 782 1973 τόπους
820 1903 884 1963 τῶν
921 1899 1147 1981 ἐνθυμημάτων
1180 1900 1198 1960 ὁ

58 1997 266 2083 φιλόσοφος,
299 1999 347 2060 καὶ
381 1995 439 2061 τὸν
473 1997 504 2059 ἐκ
534 2005 591 2070 τῆς
620 2000 720 2072 αἰτίας
743 2001 868 2072 τίθησι·
892 1995 1063 2082 παρέξομαι
1087 1994 1200 2072 δὲτὴν

58 2101 180 2162 ἐκείνου
202 2092 310 2168 λέξιν·
358 2092 533 2168 »Ἄλλος
568 2096 753 2179 παρᾶ“τὸ
787 2097 992 2174 ἀναίτιον,
1033 2098 1080 2171 ὡς
1111 2095 1198 2160 α’ίτι·

59 2191 173 2275 ον(6)·
200 2194 289 2259 οἷον
318 2198 366 2278 τῷ
400 2192 474 2274 ἅμα
504 2193 522 2268 ἢ
551 2196 643 2278 μετὰ
672 2202 786 2261 τοῦτο
809 2201 1032 2282 γεγονέναι·
1060 2194 1198 2280 τὸγὰρ

58 2295 150 2377 μετὰ
183 2298 296 2358 τοῦτο
330 2293 380 2366 ὡς
402 2287 464 2356 διὰ
486 2299 602 2358 τοῦτο
633 2293 884 2380 λαμβάνουσι
907 2301 966 2361 καὶ
989 2293 1142 2378 μάλισθ’
1167 2295 1197 2356 οἱ

59 2398 103 2460 ἐν
137 2402 220 2467 ταῖς
250 2391 488 2465 πολιτείαις·
523 2393 622 2473 (besl)
648 2399 666 2460 ὁ
692 2392 873 2478 Δημάδης
900 2399 969 2471 τὴν
998 2394 1199 2476 Δημοσθέ-

60 2521 158 2568 νους
202 2489 418 2556 πολιτείαν
451 2493 614 2558 πάντων
650 2499 727 2560 τῶν
764 2499 891 2561 κακῶν
930 2499 1086 2575 αἰτίαν.
1121 2491 1198 2575 μετ’

59 2589 224 2667 ἐκείνην
260 2591 334 2676 γὰρ
374 2588 524 2677 συνέβη
563 2597 581 2657 ὁ
615 2594 810 2677 πόλεμος”
829 2592 866 2675 (8)
904 2599 1026 2669 Ποίους
1058 2600 1140 2679 γοῦν
1158 2591 1196 2672 (9)

61 2699 80 2760 ὁ
123 2681 334 2775 Δημοάθένης
386 2693 607 2758 κατεσκεύασεν
659 2695 789 2780 ἀγῶνας
833 2704 902 2771 ταῖς
935 2693 1199 2779 Ἀριστοτελείοις

59 2795 231 2879 τέχναις
266 2786 398 2873 ὁδηγοῖς
422 2791 648 2875 χρησάμενος,
682 2798 706 2859 εἶ
728 2795 845 2870 πάντες
867 2799 898 2882 οἶ
921 2791 1065 2874 δημόσιοι
1087 2792 1200 2879 λόγοι,

61 2892 101 2960 δι’
147 2890 207 2966 οὓς
243 2895 409 2956 ἐπαινεῖται
450 2920 482 2957 τε
519 2898 567 2958 καὶ
605 2895 819 2977 θαυμάζεται,
864 2897 927 2981 πρὸ
964 2900 1021 2959 τοῦ
1058 2893 1199 2978 πολέμου

59 2994 259 3082 γεγόνασιν,
295 2991 339 3065 ὡς
376 2991 532 3076 πρότερον
569 2990 784 3074 ἐπέδειΕαΗ),
807 2993 895 3078 πλὴν
918 2994 989 3068 ἑνὸς
1021 2998 1078 3058 τοῦ
1112 2997 1199 3078 περὶ

59 3098 130 3159 τοῦ
169 3090 388 3175 στεφάνον;
426 3090 522 3164 οὗτος
558 3092 621 3177 γὰρ
655 3097 757 3175 μόνος
794 3098 839 3169 εἰς
874 3091 1076 3178 δικαστήριον
1123 3097 1199 3157 εἰσε-

59 3191 186 3268 λήλυθε
230 3190 305 3273 μετὰ
353 3190 410 3254 τὸν
456 3190 599 3273 πόλεμον
643 3193 688 3258 ἐπ’
737 3193 994 3279 Ἀριστοφῶντος
1038 3192 1200 3277 ἄρχοντος

62 3289 172 3379 ὀγδόῳ
190 3286 251 3370 (10)
300 3295 357 3375 μὲν
401 3293 530 3378 ἐνιαυτῷ
572 3294 647 3375 μετὰ
691 3296 749 3370 τὴν
793 3296 827 3367 ἐν
866 3297 1039 3379 Χαιρωνείᾳ
1073 3294 1181 3378 μάχην
1189 3340 1199 3369 ,

95 3454 132 3520 (1)
167 3454 254 3504 Malim
272 3455 400 3509 ἀπέδειξα.

94 3531 131 3598 (2)
165 3531 252 3595 Malim
270 3535 451 3599 παρεχόμενος.

91 3611 129 3679 (3)
163 3612 203 3661 Sic
227 3611 380 3673 seribendum
400 3627 451 3661 esse
478 3611 563 3674 putavi
579 3629 625 3676 pro
640 3614 686 3676 ἄν,
703 3613 768 3678 quod
784 3612 883 3662 exhibet
900 3613 981 3674 Amb.;
1008 3614 1082 3675 vulgo
1098 3629 1197 3677 prorsus

57 3694 188 3742 omittitur.

92 3770 129 3836 (4)
164 3767 246 3834 Vulgo
273 3768 407 3833 πρότεροι,
435 3769 506 3821 Amb.
535 3770 607 3819 habet
635 3774 768 3834 πρότερον.
802 3769 922 3838 Rescripsi
947 3773 1106 3835 προτεροῦσι.
1140 3768 1197 3833 Syl·

39 3848 127 3913 'burg
145 3865 176 3899 ex
193 3849 249 3898 edit.
284 3846 377 3907 MotelL
396 3852 421 3897 et
438 3848 528 3912 wolfi,
546 3866 560 3899 a
576 3849 625 3908 fine
642 3849 764 3912 supplevit
783 3850 852 3901 εἰσιν.

92 3927 128 3995 (5)
163 3928 189 3989 δέ
205 3927 288 3977 addidi
303 3942 334 3976 ex
348 3927 456 3990 ingenio.
485 3928 546 3977 Mox
561 3929 654 3978 malim:
672 3926 733 3991 παρ’
751 3929 831 3981 αὑτοῦ
850 3932 894 3980 τοῦ
912 3931 1056 3995 φιλοσόφου.

92 4006 129 4074 (6)
163 4009 235 4072 παρὰ
253 4009 300 4056 τὸν
315 4008 413 4066 αἴτιον,
431 4022 478 4055 om.
496 4022 546 4057 voe.
564 4008 597 4065 ὡς
613 4008 712 4069 αἴτιον,
729 4003 799 4056 Amb.

92 4085 127 4150 (ί)
162 4085 217 4136 οἷον
234 4086 268 4142 ὡς
283 4085 298 4133 l.
316 4085 332 4133 l.
351 4083 450 4134 Rhetor.
468 4084 511 4147 ΙΙ,
529 4087 560 4134 24
576 4085 650 4134 habet
667 4085 827 4150 Aristoteles,
844 4086 887 4135 ubi
903 4088 936 4144 ὡς
954 4087 1047 4135 omittit
1062 4088 1114 4138 cod.
1134 4087 1162 4142 Q

92 4164 129 4230 (8)
164 4165 216 4229 μετ’
246 4164 325 4214 ἐκεῖνα
353 4163 416 4230 γὰρ),
445 4165 542 4214 omissis
569 4164 695 4220 vocabulis
722 4164 821 4232 συνέβη
838 4167 852 4215 ὁ
869 4166 994 4229 πόλεμος,
1015 4165 1099 4214 relicto
1117 4173 1198 4230 tamen

57 4242 143 4315 spatio.
160 4243 230 4292 Amb.

91 4320 128 4384 (9)
162 4321 245 4379 ποίοις
262 4321 285 4387 γ’
304 4321 351 4371 οὖν
367 4321 436 4372 Amb.

74 4396 130 4463 (10)
164 4397 239 4449 Abest
255 4413 374 4449 numeras
391 4398 421 4448 ab
438 4398 507 4448 Amb.
