2754 5018
603 270 653 338 δί’

48 483 200 569 φράσεως
223 480 380 563 ἐφιέμενον
404 473 563 539 Πλάτωνα
584 477 626 556 μή
650 479 719 560 περὶ
734 474 838 539 πάντα
852 478 890 540 τὰ
906 480 981 562 με’ρη
997 480 1192 561 κατορθοῦν,

48 580 245 652 πολλοστήν
268 579 372 658 μίντοι
394 584 510 657 μοῖραν
534 571 617 657 ἐχειν
639 584 704 638 τῶν
728 578 987 659 κατορθουμένων
1009 577 1047 640 τὰ
1067 571 1192 659 διαμαρ-

49 682 211 762 τανόμενα
245 676 296 740 ὑπ’
320 675 426 739 αὐτοῦ.
462 677 522 736 Καὶ
546 673 615 738 καθ’
637 671 671 736 ἐν
694 680 787 736 τοῦτο
812 673 973 740 Πλάτωνά
996 688 1072 759 φημι
1094 673 1194 739 λείπε-

49 785 130 845 σθαι
152 778 398 858 Δημοσθένους,
422 777 469 836 ὅτι
491 773 564 857 παρ’
587 770 611 856 ᾧ
633 777 689 853 μὲν
712 775 849 837 ἐκπίπτει
874 778 949 838 ποτὲ
973 776 1009 838 τὸ
1033 774 1116 857 ὕψος
1138 783 1193 848 τῆς

48 879 172 954 λέξεως
191 875 228 957 (ί)
255 880 299 950 εἷς
321 876 357 938 τὸ
381 875 472 938 κενὸν
495 876 543 937 καὶ
567 869 679 950 ἀηδὲς,
704 874 777 958 παρ’
801 871 824 957 ᾧ
848 870 874 938 δ’
890 871 1061 950 οὐδέποτε,
1085 873 1193 948 ήσπιι-

49 985 133 1054 νίως
155 1007 192 1065 γε
215 973 333 1059 κομιδή.
381 978 440 1037 Καὶ
464 975 533 1055 περὶ
556 976 613 1053 μὲν
637 972 816 1047 Πλάτωνος
839 979 989 1038 τοσαῦτα.

482 1187 651 1264 CAPUT
693 1189 760 1264 III.

101 1377 178 1459 ssepi
203 1369 231 1438 δ’
254 1367 431 1456 Ἡροδότου
454 1372 503 1432 καὶ
526 1372 741 1452 Ξενοφῶντος
763 1367 952 1453 ἐβουλήθης
971 1374 1103 1448 μαθεῖν,
1125 1374 1195 1435 τίνο

50 1480 124 1559 περὶ
149 1475 254 1539 αὐτῶν
276 1472 439 1553 ὑπόληψιν
462 1467 543 1553 ἐχιν,
567 1473 616 1533 καὶ
639 1469 759 1552 γράψαι
781 1496 816 1548 με
840 1473 909 1552 περὶ
933 1471 1048 1534 αὐτῶν.
1074 1468 1127 1549 (Ὃ
1153 1467 1191 1547 δ’)

54 1577 264 1662 ἐβουλήθης,
286 1576 438 1648 πεποίηκα
454 1572 530 1661 κατὰ
555 1573 631 1645 τοὺς
654 1572 751 1654 πρὸς
776 1574 1005 1654 Δημήτριον
1027 1573 1195 1654 ὑπομνη-

55 1679 276 1763 ματισμοὺς
312 1677 403 1756 περὶ
441 1668 712 1753 μιμήσεωςίό).
758 1673 887 1735 Τούτων
927 1675 944 1734 ὁ
982 1676 1038 1753 μὲν
1069 1677 1197 1757 πρῶτος

56 1781 159 1854 αὐτὴν
193 1773 369 1861 περιείληφε
403 1774 462 1848 τὴν
496 1777 565 1855 περὶ
600 1781 656 1849 τῆς
679 1776 835 1854 μιμήσεως
859 1771 1009 1847 ζήτησιν·
1034 1771 1106 1839 ὅδὲ
1130 1772 1197 1840 δείν-

54 1906 149 1964 τερος
171 1881 241 1961 περὶ
264 1880 321 1938 τοῦ
342 1877 432 1947 τίνας
456 1869 575 1955 ι’ίνδρος
597 1876 754 1953 μιμεῖσθαι
778 1868 841 1948 δεῖ,
865 1872 999 1947 ποιητάς
1021 1900 1053 1936 τε
1076 1877 1124 1937 καί
1148 1888 1198 1959 φι-

56 1981 228 2064 λοσόφους
256 1980 305 2041 καὶ
323 1971 360 2053 (δή
398 1972 667 2058 ἱστοριογράφους
701 1976 749 2036 καὶ
781 1969 941 2056 ῥήτορας·
969 1975 986 2034 ὁ
1014 1969 1045 2036 δὲ
1068 1975 1198 2057 τρίτος,

57 2085 129 2166 περὶ
157 2084 215 2143 τοῦ
233 2074 271 2156 (ii
309 2079 379 2149 πῶς
413 2071 458 2138 δεῖ
479 2077 655 2154 μιμεῖσθαι·
687 2073 786 2146 οὗτος
805 2067 842 2150 (5)
869 2068 896 2137 δ’
918 2071 1043 2151 ιἰτελής.
1087 2073 1145 2137 Ἐν
1167 2071 1199 2138 δὲ

58 2185 104 2266 τῷ
140 2176 269 2262 δευτίριρ
299 2178 368 2260 περὶ
397 2170 575 2258 Ἡροδότου
598 2201 630 2237 τε
653 2177 701 2236 καὶ
727 2169 923 2237 θουκυδίδου
957 2178 1006 2237 καὶ
1029 2178 1200 2260 Ξενοφῶν-

57 2307 116 2354 τος
148 2284 197 2344 καὶ
232 2278 386 2340 Φιλίστου
417 2279 465 2338 καὶ
497 2274 689 2353 Θεοπόμπου
726 2273 871 2348 (τούτους
903 2273 966 2358 γὰρ
1009 2275 1137 2358 ἐκκρίνω
1156 2270 1195 2353 (6)

61 2383 138 2455 τοὺς
172 2373 292 2462 ἄνδρας
316 2375 359 2450 ὡς
378 2370 417 2452 (7)
443 2376 487 2449 είς
508 2378 636 2458 μίμησιν
666 2370 941 2450 ἐπιτηδειοτάτους)
966 2368 1038 2437 τάδε
1060 2375 1197 2460 γράφω·
1259 2386 1261 2392 “

93 2593 131 2660 (1)
165 2592 292 2644 Vooabula
303 2597 355 2641 τῶν
367 2594 452 2656 λόγων
464 2591 539 2655 vulgo
550 2591 615 2641 male
626 2592 766 2640 redundant
777 2594 831 2654 post
843 2593 892 2650 τῆς
904 2591 1004 2649 λέξεως,
1020 2607 1095 2655 quare
1104 2592 1150 2643 ista
1158 2595 1199 2644 de-

59 2674 122 2736 levi,
143 2676 258 2722 monente
274 2671 323 2719 iam
340 2669 480 2734 Sylburgio.
512 2669 605 2719 Deinde
623 2671 708 2719 eodem
724 2668 821 2719 iubente
832 2669 941 2731 rescripsi
951 2670 1023 2719 κενόν
1034 2669 1109 2733 (quod
1120 2672 1211 2734 ipsum

59 2751 132 2801 habet
148 2750 200 2800 cod
217 2745 311 2811 Ambr.)
328 2763 370 2808 pro
387 2749 492 2809 κοινόν,
510 2746 578 2796 ouius
595 2746 757 2810 patrocinium
773 2746 866 2795 trustra
881 2746 987 2808 suscepit
999 2745 1148 2809 Kruegerus.
1167 2749 1198 2798 In

60 2827 207 2892 praegressis
224 2825 257 2891 (p.
275 2826 321 2878 760
338 2826 373 2875 ed
391 2824 482 2888 Reisk.)
500 2830 582 2874 noster
594 2826 705 2875 Platonis
721 2828 815 2890 φράσιν
831 2826 927 2874 dixerat
940 2827 1057 2876 πλοῦτον
1067 2828 1199 2891 ὀνομάτων

61 2904 266 2968 ἐπιδεικνυμένην
281 2904 369 2963 ιιινόν,
386 2906 411 2952 et
427 2904 457 2951 de
474 2905 558 2953 eodem
574 2908 718 2966 argumento
734 2920 757 2965 p.
777 2904 839 2956 763:
856 2905 897 2954 ὀτι
915 2903 939 2953 δὲ
962 2903 1039 2969 piper
1056 2906 1127 2956 ταῦτ’
1145 2906 1200 2958 ἔστι

62 2988 102 3035 καί
129 2983 287 3048 διθύραμβοι
314 2983 442 3048 ιεόμπον
469 2985 603 3048 ὀνομάτων
631 2983 754 3045 πολίιν,
791 2987 870 3035 νοῦν
898 2984 918 3033 δ’
936 2985 1055 3051 ὀλίγον
1075 2985 1198 3050 ἔχοντες,

63 3066 141 3122 οότός
167 3063 223 3127 ὀμεῖ.
258 3062 368 3110 Tandem
393 3076 424 3111 ex
439 3077 492 3112 mea
510 3066 648 3112 coniectura
664 3062 729 3112 edidi
746 3062 840 3122 άηόὀς
856 3079 899 3126 pro
916 3062 996 3124 άηθές
1014 3063 1108 3130 (Ambr.
1126 3066 1200 3115 habet

62 3139 170 3204 ὀληθὲς)
186 3140 283 3189 nolletis
301 3140 337 3202 iis,
354 3154 416 3203 quae
432 3139 549 3202 leguntur
565 3156 588 3203 p.
601 3141 659 3192 729:
677 3143 719 3190 ιιαὶ
735 3142 783 3205 γὰρ
802 3140 989 3204 ἀηδεστέρα
1006 3146 1064 3201 τῆς
1082 3142 1200 3207 ἑτέρας

62 3219 111 3270 nri.
129 3223 155 3268 et
170 3232 192 3280 p.
204 3218 265 3270 760:
287 3216 403 3280 σχήμασί
421 3234 447 3265 τε
464 3222 608 3277 ποιητικοῖς
633 3219 747 3282 ἐσχάτην
765 3218 980 3282 προσβάλλουσιν
996 3219 1118 3279 ,ἀηδίαν
1134 3221 1159 3287 (i.
1178 3238 1199 3272 e.

60 3296 203 3360 fastidium,
223 3294 352 3360 nauseam).
390 3295 510 3358 Ineptiret
535 3311 666 3360 sanequam
692 3302 788 3357 noster,
815 3297 836 3346 si
861 3298 960 3346 Platoni
977 3297 1119 3363 obiecisset,
1136 3316 1199 3364 quae

63 3375 88 3422 in
102 3374 177 3424 laudo
192 3374 275 3437 potius
290 3389 364 3438 quam
381 3374 406 3420 in
423 3373 544 3435 vituperio
563 3374 620 3434 poni
637 3374 740 3426 soleant.

93 3452 130 3521 (2)
166 3452 259 3514 i'ulgo:
287 3452 374 3500 οίιτῶν
391 3450 538 3513 ἐβουλήθης
561 3456 686 3512 πεποίησο
713 3453 754 3501 καὶ
773 3454 849 3502 τοῦτο
867 3451 901 3510 είς
919 3453 1065 3517 Δημήτριον
1082 3453 1196 3519 ὑπομνη-

12 3548 15 3553 ·
63 3534 189 3596 ματισμόν
205 3550 233 3580 π.
251 3547 289 3592 p..
306 3529 435 3592 inquibus
451 3529 620 3593 nilquidquarn
636 3531 734 3579 variant
751 3530 818 3579 oodd.
852 3529 959 3592 Reposui
975 3531 1017 3593 id,
1032 3533 1097 3597 quod
1113 3549 1199 3584 sensus

62 3609 184 3672 postulare
205 3606 349 3669 videbitur,
367 3607 504 3656 mutatione
519 3608 649 3657 lenissima
668 3606 797 3656 Reiskius:
815 3607 862 3673 ἐγὼ
880 3608 904 3657 δὲ
921 3609 1004 3658 πάλαι
1021 3611 1034 3656 ὃ
1051 3609 1198 3672 ἐβουλήθης

10 3720 12 3725 -
63 3688 191 3746 πεποίητο
213 3687 343 3741 συντιθεὶς
365 3686 425 3742 rode
447 3689 514 3749 πρὸς
538 3686 602 3747 ετὲ.;
636 3687 775 3749 Kruegerus
800 3686 919 3747 expunxit
935 3685 1098 3749 ὀβουλήθης;
1131 3688 1199 3739 Hoe-

63 3765 168 3816 schelius
184 3763 295 3812 mavult:
311 3764 438 3822 πεποίηκα
456 3765 498 3813 καί
515 3767 559 3814 roi
563 3763 584 3814 τ’
603 3764 631 3813 ἐν
648 3769 702 3822 τοῖς
719 3768 784 3828 πρὸς
801 3763 857 3824 ετέ;
874 3764 940 3827 quod
956 3769 981 3813 et
996 3765 1056 3813 mihi
1068 3766 1199 3831 aliquando

10 3830 14 3839 ¹
40 3844 42 3848 '
63 3841 176 3892 venitin
189 3845 305 3891 mentem.
339 3840 399 3889 Mox
421 3841 522 3891 ridiculo
549 3857 630 3890 errore
647 3844 727 3905 nodd,
756 3848 785 3893 ut
801 3844 930 3907 videntur,
957 3859 1057 3894 omnes:
1074 3846 1124 3904 τήν
1141 3849 1199 3910 περὶ

10 3954 12 3985 ;
63 3924 112 3980 τῆς
128 3919 256 3980 ζητήσεως
272 3920 385 3984 μίμησιν.
419 3918 533 3970 Correxit
549 3921 702 3985 Sylburgius.

10 4030 12 4039 ι
96 3998 134 4064 (3)
167 4001 209 4049 καί
229 3998 314 4048 addidi
329 4013 359 4046 ex
376 3997 481 4062 ingenio.

95 4076 135 4141 (4)
167 4075 201 4126 Et
216 4077 256 4126 hio
272 4079 297 4125 et
313 4076 387 4137 paulo
404 4082 461 4126 ante
478 4076 597 4127 voeabula
613 4081 670 4142 περὶ
688 4082 732 4130 τοῦ
752 4080 834 4131 abesse
850 4079 940 4129 malim.

97 4152 135 4220 (ὀ)
170 4156 210 4205 Sie
238 4153 386 4220 Sylburgius
402 4159 469 4205 reete
493 4159 624 4208 coniecisse
647 4159 748 4207 videtur
763 4174 808 4221 pro
823 4161 882 4222 περὶ
900 4160 1001 4210 τούτου.
1033 4159 1127 4224 Nempe
1144 4165 1203 4228 περί

65 4230 132 4279 male
147 4232 280 4294 repetitum
296 4236 352 4281 erat
367 4247 380 4280 a
396 4233 547 4296 praegressis.
582 4233 675 4284 Deinde
691 4234 766 4293 οὗτος
783 4238 906 4285 mutatum
922 4235 949 4284 in
966 4238 1069 4290 τούτου.

99 4309 135 4375 (6)
169 4310 292 4376 ὀκτρίνων
308 4313 377 4361 Amb.

99 4387 137 4453 (7)
170 4387 207 4440 De
222 4405 276 4441 meo
294 4391 377 4442 addidi
393 4393 434 4450 ὡς.
467 4391 538 4442 Idem
555 4394 603 4442 iam
620 4393 746 4444 Reiskium
762 4395 893 4444 coniecisse
910 4395 988 4448 rideo.
