2754 5018
660 283 697 348 dt

124 460 189 524 κατ’
214 462 330 524 ἐκεῖνον
350 456 387 539 (ί)
413 462 595 539 κοσμεῖσθαι
618 461 675 524 τὸν
691 466 881 545 χαρακτῆρα.
910 458 957 522 Οὐ
973 455 1033 543 γαρ
1047 455 1084 538 (Σ)
1103 460 1255 526 ὑπόθεσιν

123 561 231 646 εἴληφε
261 558 453 644 πολυωφελῆ
476 562 524 623 καὶ
548 560 678 636 καινὴν,
708 559 812 639 ὥσπερ
836 554 907 622 οὐδὲ
932 554 1146 637 Θουκυδίδης,
1168 559 1254 625 ἀλλὰ

120 668 198 744 μίαν
232 667 281 727 καὶ
311 664 426 736 ταύτην
455 664 602 736 τοπικῆν·
639 657 761 746 διῆρηκε
789 656 815 724 δ’
839 659 937 734 αὐτὴν
960 662 1004 738 εἰς
1028 657 1156 746 γραφεὶς
1177 658 1254 737 δύο,

122 768 217 849 περὶ
243 762 430 840 Σικελίας
452 767 508 843 μὶν
530 764 589 839 τὴν
611 764 766 847 προτέραν
782 761 966 846 ἐπιγράφων
977 758 1016 839 (5)
1030 809 1040 838 ,
1063 766 1149 847 περὶ
1170 771 1254 828 Διο-

124 868 214 930 νυσί
223 892 264 928 ου
288 861 319 929 δὲ
341 865 400 937 τὴν
423 864 565 948 ὑστέραν.
583 862 674 927 Ἔστι
690 858 721 927 δὲ
736 864 811 945 μία·
835 866 884 926 καὶ
900 869 995 926 τοῦτο
1008 865 1123 946 γνοίης
1138 861 1178 928 ἂν
1192 865 1255 929 αἰπὸ

120 972 181 1030 τοῦ
210 966 323 1040 τέλους
345 973 401 1038 τῆς
425 961 595 1041 Σικελικῆς.
640 960 740 1036 Τάὲιν
763 958 789 1026 δ’
812 963 850 1026 οὐ
872 962 931 1036 τὴν
953 966 1121 1047 κρατίστην
1143 960 1254 1029 ἀποδέ-

121 1063 204 1130 δωκε
226 1073 295 1138 τοῖς
310 1061 516 1145 δηλουμένοις
531 1110 539 1138 ,
561 1061 648 1128 ἀλλὰ
664 1058 1010 1145 δυσπαρακολούθητον
1025 1061 1090 1147 οὐχ
1101 1064 1196 1136 ῆττον
1211 1060 1250 1140 td)

119 1176 179 1242 τῆς
204 1162 408 1231 Θουκυδίδου.
454 1169 513 1230 Καὶ
536 1161 691 1248 πράγματ’
713 1160 831 1236 ἔξωθεν
854 1161 892 1225 οὗ
914 1159 1069 1245 βούλεται
1090 1162 1256 1248 παραλαμ-

120 1266 259 1352 βάνειν,
291 1267 395 1349 ὥσπερ
419 1261 491 1330 οὐδὲ
514 1259 727 1339 Θουκυδίδης,
751 1260 825 1326 ἀλλ’
847 1260 931 1326 ἐ’στιν
954 1258 1108 1344 ὁμοειδής.
1148 1261 1254 1338 Ἧθος

120 1366 155 1434 δὲ
201 1366 368 1433 κολακικὸν
410 1371 458 1431 καὶ
503 1365 738 1451 φιλοτύραννον
776 1366 913 1447 ἐμφαίνει
946 1366 994 1428 καὶ
1024 1365 1171 1430 ταπεινὸν
1205 1370 1253 1430 καὶ

120 1468 333 1553 μικρολόγον.
378 1474 442 1542 Τῆς
470 1462 501 1531 δὲ
523 1461 660 1542 λέὲεως,
682 1461 702 1550 r}
725 1460 921 1539 Θονκυδίδης
945 1465 1107 1549 κέχρηται,
1139 1465 1176 1528 τὸ
1197 1471 1254 1545 μὲν

121 1567 291 1653 σημειῶδες
314 1575 362 1635 καὶ
385 1573 552 1655 περίεργον
573 1569 726 1652 πέφευγε,
748 1567 785 1631 τὸ
808 1562 840 1630 δὲ
856 1564 1064 1651 στρογγυλον
1079 1571 1128 1631 καὶ
1143 1569 1256 1652 πικρὸν

120 1675 170 1736 καὶ
205 1670 452 1751 ἐνθυμηματικὸν
485 1668 695 1749 ἀπομέμακται
713 1661 765 1743 (5).
811 1673 875 1743 Τῆς
908 1666 1012 1747 μέντοι
1043 1662 1253 1750 καλλιλογίας

122 1781 181 1846 τῆς
214 1773 332 1835 ἐκείνου
368 1773 418 1834 καὶ
451 1774 507 1832 τοῦ
536 1767 680 1832 πλούτου
710 1769 775 1830 τῶν
807 1764 1031 1848 ἐνθυμημάτων
1063 1764 1147 1850 παρὰ
1169 1763 1254 1830 πολὺ

123 1871 266 1955 ὑστερεῖ·
302 1870 341 1935 αὖ
371 1871 473 1951 μόνον
508 1866 539 1933 δε
568 1871 693 1941 τούτοις
706 1914 715 1942 ,
747 1863 834 1931 ἀλλὰ
864 1870 913 1930 καὶ
936 1865 1011 1930 κατὰ
1033 1867 1108 1940 τοὺς
1132 1891 1254 1950 σχημα-

121 1972 264 2052 τισμούς.
300 1967 339 2032 ‘H
362 1968 505 2053 μὲνγὰρ
527 1966 654 2053 πλήρης
670 1964 841 2051 σχημάτων
851 1960 904 2042 (6),
927 1961 990 2039 ἡδὲ
1006 1961 1160 2028 Φιλίστου
1176 1966 1255 2050 φρά-

123 2100 176 2149 σις
197 2067 342 2153 ὁμοειδὴς
365 2075 451 2135 πᾶσα
473 2065 583 2144 δεινῶς
606 2073 654 2133 καὶ
677 2067 915 2153 ἀσχημάτιστός
938 2068 1017 2131 ἐστι’
1052 2071 1100 2130 καὶ
1122 2063 1253 2141 πολλὰς

121 2170 207 2254 εὕροι
239 2199 288 2245 τις
322 2169 362 2235 ἂν
395 2166 562 2254 περιόδους
593 2171 713 2251 ὁμοίως
735 2165 844 2252 ἐφεξῆς
868 2165 918 2231 ὑπ’
941 2166 1038 2230 αὐτοῦ
1062 2166 1252 2252 σχηματιζο-

119 2274 241 2354 μένας,
275 2271 345 2335 οἶου
368 2272 401 2334 ἐν
423 2270 509 2355 ιἰρχῆ
532 2277 587 2346 τῆς
611 2266 754 2352 δευτέρας
775 2270 840 2331 τῶν
861 2269 931 2350 περὶ
956 2263 1118 2343 Σικελίας·
1166 2272 1252 2330 νΣυ-

120 2410 284 2420 οι--α-

156 2475 194 2541 (1)
227 2475 327 2526 Frustra
343 2476 470 2526 Goellerus
486 2476 600 2526 coniecit:
628 2475 683 2525 κατ’
703 2474 797 2524 ἐκείνου
814 2487 858 2536 pro
874 2470 930 2521 κατ’
949 2470 1061 2530 ἐκεῖνον,
1085 2469 1151 2532 quod
1167 2484 1196 2518 ee
1211 2474 1248 2519 tc-

120 2570 181 2603 men
206 2555 310 2617 mtione,
327 2571 374 2619 qua
390 2558 473 2604 tuetur
489 2555 644 2617 Kruegerus‚
662 2552 759 2602 defendi
775 2550 868 2615 nequit.
901 2548 995 2611 Nempe
1014 2548 1076 2597 mele
1094 2548 1174 2610 iungit
1191 2553 1246 2599 κατ’

116 2637 222 2686 ἐκεῖνον
237 2639 284 2687 τὸν
299 2639 456 2700 χαρακτῆρα.
488 2632 625 2683 Verborum
641 2634 707 2682 enim
724 2632 782 2682 ordo
798 2632 838 2680 hic
855 2634 906 2680 ost:
924 2630 1072 2693 κοσμεῖσθαι
1088 2632 1135 2680 τὸν
1151 2647 1249 2693 χαρακ-

118 2719 188 2780 τῆρα
205 2715 263 2765 κατ’
280 2715 389 2778 ἐκεῖνον,
405 2715 420 2762 i.
437 2730 457 2764 e.
476 2717 541 2764 κατὰ
558 2713 720 2773 θαυιτυδίδην.
738 2713 765 2762 Si
775 2712 910 2774 scripsisset
921 2709 1031 2772 ἐκείνου,
1049 2708 1171 2758 debuisset
1182 2712 1248 2759 κατὰ

122 2796 165 2844 τὸν
181 2794 280 2843 ἐκείνου
296 2792 346 2844 tri.

152 2870 188 2936 (2)
224 2870 307 2934 Vulgo
328 2872 385 2922 οὔτε
402 2871 468 2937 γάρ,
484 2871 550 2934 quod
566 2869 677 2918 correxi⁴
700 2868 732 2917 In
747 2883 822 2930 marg.
840 2869 915 2919 Paris.
932 2870 965 2918 ἴσ.
976 2868 1034 2918 οὔτε
1046 2868 1094 2930 γὰρ
1106 2868 1212 2930 μόνον..
1223 2907 1244 2917 ..

123 2950 190 3003 ἀλλὰ
207 2951 251 2999 καὶ
273 2951 335 3014 μίαν
351 2949 400 2999 eri.
434 2946 503 3002 Quae
518 2948 606 2997 infelix
621 2963 753 3012 sanequem
769 2947 908 2997 coniectura
923 2953 967 2997 est.
1001 2945 1060 2993 Mox
1076 2946 1133 2996 οὐδὲ
1148 2945 1178 2994 de
1195 2961 1248 2995 meo

120 3027 286 3077 inseruiente
304 3026 471 3090 θουευδέδης,
488 3028 553 3091 quod
571 3027 725 3089 Kruegerum
740 3041 835 3090 quoquo
852 3025 923 3075 rideo
939 3023 1099 3087 proposuisse.

149 3105 186 3171 (3)
221 3104 311 3166 Scripsi
328 3105 426 3169 γραφάς
441 3121 485 3168 pro
503 3105 644 3170 ἐπιγραφάς
661 3105 738 3168 (quod
753 3103 832 3153 labem
848 3102 971 3152 contraiit
988 3117 1002 3150 o
1018 3101 1128 3166 sequenti
1144 3103 1248 3167 ἐπιγρά-

115 3184 191 3249 φων).
225 3182 258 3232 In
281 3183 384 3232 eandem
408 3184 567 3245 suspicionem
583 3182 668 3231 incidit
684 3181 827 3246 Krugerus‚
845 3183 887 3232 sed
902 3181 965 3230 melo
982 3196 1036 3229 com
1052 3181 1164 3244 quamvis
1179 3180 1248 3230 lucu-

116 3262 279 3378 }ntispsiuumm
306 3263 357 3324 ipse
383 3262 526 3325 repudiavit.
561 3261 602 3311 Ito
628 3263 726 3311 demum
755 3262 814 3325 erit,
843 3263 907 3326 quod
930 3277 987 3310 mox
1012 3261 1134 3323 cogitetur
1150 3261 1182 3309 ad
1199 3265 1247 3321 τῆς

140 3345 176 3379 rx!
199 3345 261 3386 ικης.

149 3407 188 3470 (4)
222 3403 312 3467 Recepi
338 3404 456 3466 Kruegeri
476 3404 640 3454 coniecturam
655 3405 706 3468 οὐχ
722 3403 803 3464 ἧσσαν
820 3419 864 3467 pro
880 3405 991 3454 codicum
1006 3404 1126 3466 scripture
1142 3408 1246 3468 χεῖρον,

115 3483 165 3533 nisi
190 3482 257 3547 quod
282 3483 312 3530 de
337 3497 404 3530 moro
420 3482 498 3532 nostri
514 3482 603 3544 duplex
619 3500 650 3532 ττ
666 3483 779 3545 praetuli.
815 3480 928 3531 Reiskius
944 3482 982 3530 ἔτι
999 3486 1085 3546 χεῖρον
1101 3481 1249 3544 suspicetur,

116 3562 181 3625 quod
209 3560 270 3610 mihi
297 3575 391 3624 quoque
418 3561 486 3609 venit
511 3561 537 3609 in
553 3566 665 3608 mentem
700 3560 748 3609 Sed
764 3559 826 3608 illud
842 3559 924 3610 verius
940 3575 991 3609 esso
1006 3560 1093 3608 iudico.
1126 3558 1187 3608 Mox
1203 3573 1246 3620 pro

116 3646 227 3706 πρᾶγμα
243 3639 328 3702 scripsi
344 3640 491 3705 πράγματ’;
508 3655 653 3704 quemquem
668 3637 722 3687 fieri
738 3643 832 3701 potest,
851 3647 879 3688 ut
894 3655 938 3702 pro
954 3641 985 3691 οὐ
999 3639 1058 3688 olim
1068 3639 1160 3687 lectum
1172 3637 1246 3686 fuerit

114 3721 206 3774 οὐδένε
230 3737 318 3771 verum
340 3720 418 3782 iilud,
446 3723 475 3769 ut
496 3719 588 3783 lenius,
614 3720 726 3782 praetuli
761 3719 871 3784 Denique
888 3737 902 3769 a
919 3720 1051 3784 Sylburgio
1068 3723 1152 3782 gratus
1169 3718 1248 3780 accepi

112 3800 335 3866 παραλαμβάνειν
360 3815 404 3862 pro
426 3797 634 3862 περιλαμβάνειν.
673 3798 783 3847 Tandem
808 3798 873 3857 ῆθος
899 3798 924 3848 δέ
948 3813 993 3860 pro
1018 3801 1081 3860 ἦθός
1105 3817 1131 3847 τε
1154 3799 1248 3862 requiri

113 3879 250 3928 arbitratus
266 3893 330 3927 sum.

148 3955 186 4022 (ὁ)
221 3957 329 4005 Auctore
346 3954 480 4020 Sylburgio
496 3970 539 4017 pro
556 3952 572 4019 ρ’
589 3955 635 4018 μέν
651 3953 709 4002 dedi
725 3959 754 4006 τὸ
770 3954 816 4018 μέν
831 3959 857 4004 ct
873 3970 916 4017 pro
933 3955 1028 4020 πέφυκε
1044 3955 1155 4020 πέφευγε.
1178 3954 1246 4004 Eun·

112 4035 169 4085 dem
186 4039 270 4084 tamen
285 4035 354 4098 sequi
369 4035 437 4084 nolui
453 4051 497 4098 pro
513 4034 628 4098 μέμικται
645 4032 733 4082 leniter
749 4049 808 4082 eane
824 4036 987 4096 corrigentem
1002 4035 1154 4098 μεμίμηται,
1170 4049 1247 4100 quum

113 4112 228 4163 elibello
246 4114 276 4163 de
291 4111 359 4163 Vett.
375 4111 461 4175 Seript.
478 4111 550 4161 Ceus.
566 4126 590 4173 p.
609 4111 669 4173 427,
688 4113 720 4171 9,
737 4126 809 4175 quem
826 4112 875 4173 ipse
886 4110 992 4160 conferri
1001 4111 1083 4172 iussit,
1098 4111 1178 4160 multo
1196 4111 1246 4161 evi-

80 4182 86 4209 ¹
112 4193 212 4243 dentius
236 4207 351 4255 reponere
376 4192 459 4241 liceret
484 4189 671 4254 ἀπομέμακται.
705 4190 860 4253 Kruegerum
876 4207 906 4239 ex
922 4191 1008 4241 eodem
1024 4192 1077 4240 loco
1094 4188 1246 4254 ἐκμέμακται

111 4273 275 4336 rescripsisse,
291 4288 355 4320 nunc
364 4271 442 4322 video.
459 4272 519 4319 Mox
530 4285 574 4333 pro
590 4273 671 4320 κατὰ
688 4273 754 4322 πολὺ
767 4270 866 4335 ὑστερεῖ
877 4272 984 4335 reposui,
996 4272 1061 4337 quod
1071 4270 1191 4319 Graccum
1201 4275 1244 4319 est.

145 4350 182 4415 (6)
216 4350 293 4400 Omisi
310 4350 438 4400 vocabule:
455 4351 498 4400 καὶ
514 4349 587 4399 οὐδὲν
604 4351 672 4413 οἶμαι
689 4353 747 4414 περὶ
760 4355 811 4399 τῶν
822 4355 938 4414 φανερῶν
949 4350 1074 4400 ἐπιπλίον
1086 4346 1138 4398 δεῖν
1150 4350 1248 4413 λέγειν,

112 4430 200 4493 quippe
217 4445 295 4494 queo,
313 4430 405 4478 utiam
423 4428 480 4477 olim
497 4428 651 4479 observatum
669 4432 723 4490 est,
739 4444 794 4476 eum
810 4429 910 4492 reliquis
927 4428 1027 4491 pessimo
1044 4426 1199 4478 cohaereant.
1258 4445 1262 4453 ·

1091 4502 1112 4567 6
