2754 5018
654 255 698 329 50

116 459 213 532 φομαι
242 443 397 531 τᾶνδρὸς,
419 456 475 522 τῆς
498 443 529 512 δὲ
553 444 669 523 λέξειας
691 448 727 511 τὸ
742 445 788 526 (ί)
811 448 924 529 μόριον
946 447 984 513 τὸ
1006 451 1077 531 περ)
1099 448 1158 522 τὴν
1178 474 1238 530 τρο·

116 550 210 623 πικῆν
245 576 276 612 πε
308 554 356 614 καὶ
388 545 621 634 διθυραμβικὴν
646 549 765 634 φράσιν
788 551 953 626 ἐκπίπτον,
985 552 1018 614 ἐν
1042 546 1067 635 ᾧ
1090 549 1129 614 οὗ
1152 557 1240 634 κρατεῖ

118 654 174 713 τοῖι
202 652 343 732 μετρίου·
375 652 501 731 ἐπιτιμῶ
534 650 560 712 τ’
583 651 647 735 οὐχ
670 650 714 723 ὡς
737 653 801 713 τῶν
823 652 992 735 τυχόντων
1016 679 1078 734 τῳ,
1112 648 1185 715 ἀλλ’
1205 650 1240 725 ὡς

117 747 208 834 ἀνδρὶ
234 750 361 836 μεγάλῳ
384 757 431 816 καὶ
455 754 552 836 ἐγγὺς
574 760 628 826 τῆς
651 755 739 826 θείας
763 749 932 825 ἐληλυθότι
955 755 1101 835 φΰσεως,
1125 753 1173 814 ὅτι
1194 751 1240 814 τὸν
1289 776 1293 841 (

117 851 217 935 όγκου
245 861 302 927 τῆς
323 863 481 929 ποιητικῆς
506 861 695 928 κατασκευῆς
719 856 763 926 εἷς
782 849 823 930 (ᾖ)
849 850 973 938 λόγους
996 853 1099 937 ἤγαγε
1122 851 1242 934 φιλοσό·
1291 852 1293 915 !

119 968 217 1039 φους,
240 954 389 1031 ζηλώσας
411 958 487 1030 τοὺς
510 960 578 1037 περὶ
604 958 746 1039 Γοργίαν
759 1003 767 1029 ,
790 956 868 1017 ὥστε
892 957 939 1017 καὶ
957 949 1173 1038 διθυράμβοις
1184 953 1242 1014 τινὰ
1291 972 1293 1019 Ξ

117 1063 218 1119 ποιεῖν
240 1057 377 1132 ἐοικότα,
401 1060 448 1120 καὶ
468 1052 539 1137 μηδ’
567 1053 822 1138 ἀποκρύπτεσθαι
837 1059 932 1117 τοῦτο
948 1053 1158 1137 θᾶμάρτημα,
1179 1051 1244 1115 ἀλλ’
1291 1082 1293 1089 ·

117 1154 300 1239 ὁμολογεῖν.
324 1160 385 1220 Καὶ
408 1156 479 1240 σύγ’
502 1156 620 1230 αὐτὸς,
644 1155 668 1218 ὦ
691 1151 836 1239 βέλτιστε
861 1161 953 1218 Γναῖε
972 1149 1034 1230 (5),
1058 1155 1174 1233 ὁμοίαν
1187 1152 1244 1231 ἐμοὶ

116 1254 246 1339 γνώμην
282 1259 352 1339 περὶ
387 1251 526 1338 τάνδρὸς
561 1255 645 1340 ἐχων
677 1258 776 1337 φαίνει
797 1251 835 1332 (4)
873 1250 912 1318 δι’
947 1254 1047 1328 αὐτῆς
1069 1254 1109 1336 γέ
1129 1279 1177 1316 τοι
1197 1260 1246 1326 τῆς

116 1355 308 1431 ἐπιπολῆς,
346 1357 378 1419 ἐν
411 1352 431 1440 ᾖ
448 1351 486 1432 (5)
524 1354 600 1419 κατὰ
634 1351 722 1428 λε’ἕιν
753 1352 836 1417 οὕτω
867 1353 1016 1437 γράφεις·
1065 1351 1155 1415 »Ἐν
1191 1355 1247 1432 μὲν

117 1455 192 1538 γὰρ
223 1463 306 1529 τοῖς
328 1456 475 1537 ἐτέροις
499 1457 681 1538 σχήμασι
704 1449 851 1538 ῥᾴδιον
873 1460 1003 1516 πεσεῖν
1024 1447 1062 1529 (6)
1088 1453 1202 1532 μέσον
1221 1476 1249 1514 τι

119 1555 275 1619 ἐπαίνου
299 1559 363 1618 καὶ
386 1556 584 1636 μέμψεως·
608 1557 645 1619 ἐν
669 1551 711 1617 δὲ
733 1557 780 1637 τῇ
803 1556 1021 1636 κατασκευῇ
1044 1551 1087 1614 τὸ
1111 1552 1158 1632 μὴ
1182 1552 1248 1613 ἐπι·

119 1658 267 1740 ταχθὲν
302 1656 452 1739 πάντη,
484 1653 816 1739 ιἰποτυγχόινεται.
864 1653 932 1718 Διό
961 1679 1028 1734 μοι
1052 1647 1154 1715 δοκεῖ
1176 1652 1249 1713 roir-

118 1782 218 1828 τους
270 1757 362 1828 τοὺς
410 1752 559 1840 ἄνδρας
602 1755 687 1819 οὐκ·
715 1757 751 1818 ἐκ
787 1757 862 1817 τῶν
902 1747 1250 1834 ἐπικινδυνοτέρων

118 1852 193 1918 οὐδ’
225 1854 468 1932 ἐλαττόνων,
503 1854 591 1920 ἀλλ’
614 1857 652 1919 ἐκ
674 1858 753 1919 τῶν
776 1851 977 1918 πλειόνων
996 1847 1036 1928 (7)
1062 1855 1127 1914 καὶ
1150 1851 1248 1915 εὔτυ-

120 1956 314 2038 χηθέυτων
353 1954 584 2030 ἐξετάζειν.”
631 1960 690 2019 Καὶ
728 1955 791 2035 μετ’
827 1952 924 2038 ὀλίγα
961 1952 1063 2017 πόλιν
1103 1950 1251 2036 ἐπιλέγεις

118 2058 223 2118 ταυτί·
283 2056 406 2140 »Ἐγὼ
454 2053 511 2134 δὲ,
546 2059 675 2141 καίπερ
711 2055 813 2141 ἔχων
858 2047 1249 2136 ιἰπολογῆσασὲαιβ)

118 2157 213 2237 ὑπὲρ
251 2154 458 2225 ἁπάντων,
497 2155 515 2233 ἢ
549 2160 624 2220 τῶν
658 2185 698 2241 γε
732 2156 946 2230 πλείστων,
969 2153 1013 2217 οὐ
1038 2149 1174 2232 τολμῶ
1198 2179 1252 2216 σοι

118 2255 268 2318 ἐναντία
291 2254 451 2340 λέγειν,
482 2255 521 2321 ἐν
556 2253 593 2321 δέ
618 2262 736 2320 τοῦτο
761 2251 1084 2339 διισχυρίζομαι,
1109 2253 1167 2316 ὅτι
1191 2252 1253 2315 οὐκ

101 2351 199 2416 7ἐστι
229 2353 405 2438 μεγάλων
428 2357 637 2440 ἐπιτυχεῖν
661 2357 702 2419 ἐν
725 2350 858 2419 οὐδενὶ
882 2354 1031 2436 τρόπω,
1061 2351 1110 2431 μὴ
1133 2357 1253 2414 τοιαῦ-

120 2478 161 2514 τα
184 2450 392 2534 τολμῶντα
417 2460 476 2518 καὶ
499 2452 880 2539 παραβαλλόμενον,
903 2453 944 2515 ἐν
968 2450 1031 2523 οἷς
1056 2453 1121 2514 καὶ
1138 2449 1254 2535 σφαλ-

119 2551 261 2616 λεσθαί
278 2549 316 2631 (9)
353 2556 463 2619 ἐστιν
497 2553 754 2639 ἆναγκαῖον.”
811 2547 914 2616 Οέιδέν
937 2549 995 2613 οὗν
1024 2545 1087 2626 (10)
1114 2547 1254 2635 διαφερό·

119 2655 198 2729 μεθα
228 2653 309 2735 πρὸς
343 2650 533 2729 ἀλλήλους·
569 2655 608 2717 σό
639 2680 670 2716 τε
693 2652 755 2737 γὰρ
780 2648 952 2733 ὁμολογεῖς
976 2649 1159 2733 ἀναγκαῖον
1182 2651 1256 2714 εἶναι

121 2751 177 2815 τὸν
211 2750 469 2835 ἐπιβαλλόμενον
499 2753 653 2838 μεγάλοις
687 2756 735 2816 καὶ
770 2748 976 2834 σφάλλεσθαί
1008 2774 1108 2824 ποτε,
1139 2751 1204 2835 ἐγώ
1228 2751 1257 2813 τί

122 2862 196 2933 φημι
225 2860 280 2929 τῆς
311 2851 436 2934 ὑψηλῆς
468 2856 516 2916 καὶ
539 2850 803 2935 μεγαλοπρεποῦς
827 2852 876 2912 καὶ
899 2843 1257 2932 παρακεκινδυνευμένης

122 2989 279 3003 m*

155 3043 191 3110 (1)
226 3047 255 3096 τό
270 3045 354 3108 scripsi
369 3062 414 3108 pro
431 3065 461 3094 τι.
496 3045 566 3095 Idem
582 3045 674 3109 requiri
690 3043 754 3092 vidit
771 3041 919 3103 Kruegerus.
954 3037 1052 3088 Deinde
1067 3039 1172 3101 reposui
1188 3038 1259 3104 ἐνῷ,

124 3123 190 3187 quod
207 3122 322 3185 iungetur
338 3139 393 3173 cum
411 3128 439 3175 τὸ
456 3123 559 3187 μόριον,
582 3138 627 3186 pro
645 3124 672 3171 lv
690 3120 735 3176 οῖς.
768 3119 849 3168 Possis
866 3133 961 3182 quoque
979 3118 1005 3167 ἐν
1023 3115 1055 3182 ᾖ,
1073 3117 1139 3181 quod
1155 3119 1260 3168 referen-

91 3238 93 3241 ,
123 3202 182 3250 dum
199 3201 262 3250 foret
278 3203 309 3249 sd
326 3204 423 3266 φράσιν.
964 3232 967 3235 -

155 3278 190 3342 (2)
224 3278 306 3342 Vulgo
322 3282 371 3330 καί.
406 3279 569 3329 Hoeschelius
585 3279 633 3328 ἐπί.
667 3275 768 3324 Rectius
785 3273 928 3336 Kruegerus
945 3274 994 3335 εἰς,
1013 3287 1087 3337 quem
1105 3273 1162 3322 vide
1180 3273 1259 3325 adul

155 3358 192 3424 (3)
227 3366 312 3422 Γεμῖνε
329 3365 366 3410 est
384 3362 410 3410 in
427 3360 510 3410 Ambr.

154 3436 190 3502 (4)
225 3437 309 3501 Vulgo
325 3440 409 3504 φαίνῃ·
442 3437 497 3501 Ego
514 3438 614 3486 correxi.

156 3514 192 3580 (5)
226 3516 301 3566 Oodd.
319 3517 346 3566 ἓν
362 3517 406 3573 οἷς.
439 3515 531 3565 Veram
556 3516 685 3564 lectionem
702 3515 790 3575 reperit
819 3514 978 3574 Krusgerus,
996 3509 1038 3557 sed
1057 3513 1183 3571 repertam
1200 3511 1260 3572 abie-

124 3594 162 3642 cit.
196 3593 255 3642 Mox
271 3609 325 3641 cum
342 3594 426 3643 eodem
442 3595 528 3656 scripsi
545 3590 688 3655 ἐπιταχθέν
704 3607 749 3653 pro
766 3591 924 3654 ἐπιτευχθὲν.

153 3672 189 3738 (6)
223 3674 351 3723 Fortasse:
368 3673 434 3740 ῥᾷόν
450 3674 504 3724 ἐστι
521 3674 630 3736 φέρειν
646 3671 694 3722 eri.
708 3672 721 3719 i.
735 3688 755 3724 e.
772 3671 871 3729 facilius
883 3675 917 3716 ιιι
929 3669 1028 3715 colorare
1045 3669 1144 3728 aliquid.
1158 3669 1261 3716 medium

120 3755 183 3801 ιἰιινν
211 3753 302 3801 laudem
326 3767 353 3798 αν
380 3753 588 3812 reprehensionem.
622 3750 656 3797 Ni
671 3750 744 3799 home
762 3749 903 3808 Romanus,
928 3744 1073 3792 Latinorum
1088 3745 1173 3806 potius
1190 3759 1261 3808 quum

122 3829 271 3877 Graecorum
297 3844 381 3888 more,
410 3828 500 3877 dixisse
527 3827 649 3888 putandus
666 3831 714 3876 est:
742 3825 807 3890 ῥᾷον
832 3820 968 3873 πὲσσειν
995 3821 1072 3884 μέσον
1099 3840 1125 3870 τι
1141 3821 1193 3873 xri.
1210 3823 1224 3870 i
1240 3837 1259 3871 e.

114 3906 218 3967 facilius
234 3914 267 3954 est
283 3906 530 3969 concoqucrccliquid
546 3905 607 3954 cei?

159 3981 194 4046 (7)
228 3982 265 4032 De
281 3985 420 4033 coniectura
437 3983 521 4045 scripsi
537 3979 763 4043 ἐπικινδυνοτέρων
780 3985 805 4029 et
821 3976 950 4030 πλειόνων
966 3991 1010 4038 prc
1028 3976 1261 4029 ἐπιαινόννοπιῖτων

120 4067 144 4110 et
162 4064 298 4112 πλείστων.
332 4065 460 4112 Praeterea
476 4061 593 4111 excidisse
611 4061 707 4110 videtur
724 4061 783 4110 δεῖν.

153 4137 190 4204 (8)
227 4142 435 4204 ἀπολογίσασθαι
456 4139 526 4190 Amb.

154 4217 189 4281 (9)
224 4218 355 4267 Exciditne
372 4219 446 4268 ἐνίοτ’
467 4216 507 4268 vel
524 4215 592 4276 ποτ’,
609 4221 637 4264 ut
655 4231 711 4266 mox
723 4224 789 4267 recte
806 4219 831 4266 et
842 4215 931 4266 ordine
944 4214 1075 4265 scribitur:
1087 4217 1261 4281 ἀναγκαῖον-

126 4295 284 4357 σφάλλεσᾶαί
297 4311 375 4345 ποτε
385 4296 394 4343 ἒ

161 4370 213 4437 (10)
246 4370 284 4422 De
300 4373 438 4422 coniectura
454 4386 507 4421 mea
524 4368 616 4420 inserui
632 4371 686 4426 οὖν,
