2754 5018
678 290 701 358 δ

116 477 449 564 Ἀριστοκράτους
472 478 588 566 ’ἔγραψε
601 479 707 564 λόγον
724 477 897 556 Εὐθυκλεῖ,
912 485 956 566 τῶ
971 476 1113 545 διώκοντι
1124 479 1262 562 παρανό-

114 608 187 661 μων
198 580 235 643 τὸ
248 581 402 662 ψήφισμα.
425 578 496 642 Ἐπί
511 574 542 642 δὲ
556 576 723 643 Θεσσάλου
735 575 788 655 (ί),
803 584 859 642 τοῦ
873 579 937 661 μετ’
949 574 1191 663 Ἀριστόδημον,
1203 577 1261 651 τὴν

117 685 204 762 περὶ
227 676 390 744 Ῥοδίων
413 676 587 763 ἀπήγγειλε
611 674 825 764 δημηγορίαν,
860 681 892 742 ἐν
915 676 934 764 ᾗ
956 681 1054 742 πείθει
1070 679 1145 750 τοὺς
1166 675 1261 749 'Aen-

118 783 232 852 ναίους
256 778 429 844 καταλῦσαι
450 780 509 852 τὴν
533 777 728 862 ὀλιγαρχίαν
752 777 857 847 αὐτῶν
881 783 928 841 καί
952 778 1011 842 τὸν
1028 774 1126 858 δῆμον
1141 772 1264 838 ἐλευθε-

115 883 230 961 ρῶσαι.
275 879 347 942 Ἐπὶ
379 875 409 942 δὲ
447 874 680 960 Καλλιμάχου,
711 882 769 940 τοῦ
801 879 908 959 τρίτου
942 876 1018 957 μετὰ
1042 867 1259 948 Θίσσαλονθ)

117 978 299 1064 ἄρξαντος,
324 987 406 1064 τρεῖς
431 975 548 1042 διέθετο
572 973 767 1062 δημηγορίας
781 973 819 1056 (5)
849 974 1045 1062 παρακαλῶν
1069 976 1263 1049 Ἀθηναίους

117 1076 279 1161 βοήθειαν
294 1077 481 1151 Ὀλυνθίοις
495 1076 680 1143 ἀποστεῖλαι
693 1123 702 1151 ,
719 1083 788 1149 τοῖς
803 1073 1053 1157 πολεμουμένοις
1069 1073 1132 1137 ὑπὸ
1149 1070 1262 1135 Φιλίπ-

116 1195 192 1240 που·
215 1178 343 1261 πρώτην
366 1183 442 1257 μὲν,
465 1173 557 1254 ficii)
584 1177 668 1240 ἐστιν
703 1173 804 1260 ἆρχή·
840 1174 962 1238 ’νἘπὶ
996 1171 1158 1237 πολλῶν
1181 1176 1262 1252 μὲν

118 1272 220 1341 ἰδεῖν
244 1277 289 1341 ι’ίν
311 1273 446 1355 τις(5),
479 1275 630 1359 ὦνδρες
651 1275 872 1352 Ἀθηναῖοι,
896 1272 996 1339 δοκεῖ
1027 1266 1171 1354 μοι·”(6)
1197 1267 1262 1334 δευ·
1338 1310 1356 1367 ιι

117 1379 211 1460 τίραν
236 1373 267 1441 δέ
307 1377 440 1462 »Οὐχὶ
478 1376 604 1440 ταύτά
641 1377 877 1459 παρίσταταί
904 1400 969 1455 μοι
1002 1371 1259 1458 γιγνώσκειν,

118 1471 264 1561 ὦνδρες
307 1475 542 1552 Ἀθηναῖοι·”
579 1478 687 1560 τρίτην
711 1470 761 1540 δι’·
827 1474 953 1537 νἈυτὶ
990 1469 1156 1536 πολλῶν
1195 1467 1260 1544 ἂν,

118 1573 264 1659 ὦνδρες
298 1576 523 1654 Ἀθηναῖοι,
548 1576 791 1663 χρημάτων·”
838 1575 925 1640 Κατὰ
950 1579 1064 1638 τοῦτον
1086 1573 1261 1655 γέγραπται

116 1675 175 1740 τὸν
209 1674 353 1762 άρχοντα
388 1683 437 1741 καὶ
470 1682 488 1743 ὁ
524 1679 615 1743 κατὰ
652 1673 822 1741 Μειδίου
850 1676 972 1762 λόγος,
1006 1675 1045 1739 ὃν
1067 1669 1259 1745 συνετάξατο

116 1776 192 1856 μετὰ
224 1778 283 1851 τὴν
316 1781 594 1862 καταχειροτονίαν
606 1774 670 1855 (7),
703 1774 743 1852 ἣν
766 1780 784 1840 ὁ
808 1773 906 1859 δῆμος
928 1776 1024 1840 αὐτοῦ
1047 1771 1260 1856 κατεχειροτό-

119 1901 224 1948 νησεν.
272 1877 375 1960 Μέχρι
399 1881 455 1940 τοῦ
487 1871 608 1959 περῖ(δ)
642 1871 763 1939 δώδεκα
797 1872 927 1959 λόγων,
967 1872 1012 1937 ῶν
1034 1872 1137 1955 ε’ίρηκα
1167 1866 1260 1951 δημο-

117 1977 198 2039 σίων
233 1975 276 2050 (ἓν
299 1975 349 2048 οἷς
372 1977 430 2038 είσι
453 1971 658 2059 δημηγορικοὶ
681 1978 738 2056 μὲν
763 1972 811 2050 ζ’,
847 1971 996 2038 δικανικοὶ
1020 1968 1051 2035 δὲ
1075 1974 1098 2047 ί)
1125 1969 1260 2046 ἅπαντες

117 2067 315 2156 πρότεροι(9)
340 2078 403 2137 τῶν
426 2072 668 2158 Ἀριστοτέλους
690 2076 860 2158 τεχνῶν,
885 2075 928 2147 ὡς
951 2071 982 2137 ’ἐκ
993 2099 1024 2135 τε
1040 2073 1259 2153 τῶνίστορου-

114 2175 218 2254 μένων
247 2176 317 2255 περὶ
350 2169 487 2258 τάνδρὸς
511 2170 667 2246 ἀποδείξω
691 2172 748 2237 κᾶκ
772 2173 836 2236 τῶν
859 2173 911 2239 ὑπ’
934 2172 1031 2236 αὐτοῦ
1054 2174 1259 2257 γραφέντων,

118 2273 262 2336 ἐντεῦθεν
285 2268 471 2356 ἆρξάμενος.

534 2523 733 2640 ⁴einen
774 2565 812 2640 v,

157 2751 383 2837 Ἀριστοτέλης
405 2755 476 2829 υίὸς
497 2758 553 2835 μὲν
570 2759 608 2829 ἦν
626 2757 830 2842 Νικομάχου,
852 2759 891 2822 τό
905 2786 936 2822 τε
947 2753 1007 2836 (10)
1025 2760 1120 2843 γένος
1136 2760 1184 2821 καὶ
1199 2757 1258 2831 τὴν

116 2856 235 2937 τέχνην
271 2851 487 2936 ἀναφέροντος
510 2857 554 2928 είς
578 2857 739 2940 Μαχάονα
768 2857 826 2921 τὸν
848 2854 1053 2931 Ἀσκληπιοῦ’
1086 2856 1205 2938 μητρὸς
1228 2851 1259 2920 δὲ

116 2947 309 3028 Φαιστίδος,
331 2951 498 3036 ἀπογονοῦ
520 2955 608 3032 τινὸς
629 2959 694 3020 τῶν
717 2957 748 3020 ἐκ
773 2952 933 3034 Χαλκίδος
946 2958 1005 3031 τὴν
1020 2953 1166 3019 ἀποικίαν
1181 2955 1258 3038 ιἰγα·

112 3049 314 3136 γάντων(Ιί)
339 3055 383 3126 είς
407 3054 572 3138 Στάγειρα.
616 3055 795 3140 Ἐγεννήθη
818 3054 850 3122 δὲ
873 3057 951 3121 κατὰ
976 3057 1035 3130 τὴν
1050 3054 1257 3129 ἐνενηκοστὴν

146 3223 185 3290 (1)
221 3223 336 3273 Correxit
352 3225 471 3277 Reiekius.
505 3226 581 3277 codd.
604 3230 694 3279 habent
711 3232 836 3293 Θεέλλου,
862 3247 923 3295 quae
940 3230 1077 3293 corruptela
1093 3229 1165 3279 facile
1181 3228 1257 3292 expli·

109 3309 183 3354 cetur
204 3319 248 3365 per
268 3305 411 3367 scripturam
436 3308 572 3371 uncialem,
596 3325 658 3372 quae
682 3309 777 3358 dieitur.
819 3314 999 3359 θΕΚΚΑΛΟΥ
1024 3309 1129 3371 primum
1154 3308 1238 3356 abiit
1230 3324 1257 3356 m

109 3385 286 3442 ΘΕΚΑΛΟΥ,
308 3383 426 3432 deinde'
417 3400 445 3434 m
470 3391 621 3436 θΕΕΛΛο).
662 3387 779 3438 Similiter
803 3389 867 3488 apnd
892 3391 1002 3436 nostrum
1027 3385 1081 3436 Din
1106 3402 1129 3450 p
1154 3389 1200 3435 665
1226 3402 1256 3436 ex

108 3459 201 3508 eodem
217 3459 317 3508 nomine
333 3467 418 3511 natum
435 3468 473 3512 eet
493 3469 630 3515 θΕΛΛοΝ.

145 3535 185 3600 (2)
222 3536 335 3589 Θέελλον
353 3539 429 3589 Codd

145 3611 184 3677 (3)
221 3613 304 3676 Vulgo
321 3616 522 3684 δημηγορικοὺς,
539 3621 604 3684 qued
621 3622 715 3670 correxi
731 3622 761 3672 ob
778 3623 910 3687 sequentia.

144 3689 184 3754 (4)
221 3689 260 3739 eie
276 3692 344 3743 Amb.
362 3696 407 3755 P.;
423 3697 498 3759 vulgo
516 3698 696 3762 πρῶτον-οὗ,
716 3703 741 3749 et
757 3715 814 3750 mox
831 3702 1081 3765 δεύτερον-τρίτον.

144 3767 184 3832 (5)
219 3766 411 3822 Demosthenes:
427 3779 460 3824 ι’ἑν
476 3793 515 3833 τις
532 3776 602 3826 ίδεῐν.

145 3844 184 3909 (6)
218 3863 261 3908 μοι
278 3847 352 3898 δοκεῖ.
376 3850 445 3900 Amb.
462 3853 490 3901 Ρ

146 3922 184 3987 (7)
219 3922 259 3972 810
275 3941 289 3974 e
312 3926 420 3976 Morellii
435 3934 460 3978 et
477 3930 565 3981 Wolfii
581 3935 690 3996 margine
707 3937 803 3997 reposui
819 3952 863 3999 pro
881 3936 985 4000 vulgato
1003 3938 1172 4001 χειροτονίαν

145 3998 183 4065 (8)
218 4001 345 4058 Fortasse:
362 4008 433 4070 μέχρι
458 4010 569 4061 τοίνυν
587 4020 638 4061 τῶν
654 4014 704 4063 xri.
735 4014 793 4063 Ceti
813 4015 873 4078 Reg.
890 4016 1086 4080 κεχειροτότητε.
1119 4017 1191 4080 μέχρι
1209 4035 1254 4066 του

109 4087 172 4132 τῶν.
207 4079 275 4130 Hinc
292 4082 416 4136 Reiekiue:
433 4108 481 4137 κατ
483 4093 674 4154 εχειροτόνησεν
689 4095 736 4143 ετει
756 4098 842 4160 τρίτῳ
877 4097 982 4146 Τούτων
998 4098 1050 4147 τῶν
1066 4096 1117 4146 xri.

146 4157 184 4223 (9)
219 4159 307 4209 Malim
324 4182 500 4227 προτερουσιν

144 4236 221 4372 (1οχ
235 4237 325 4288 Addidi
345 4240 489 4302 particulam
515 4263 541 4295 τε
567 4247 597 4296 de
614 4248 759 4300 coniectura.
794 4251 932 4300 Peuioi
889 4255 946 4300 anie
962 4268 1006 4315 pro
1023 4252 1076 4310 υίὸς
1093 4255 1255 4314 exepeetarem

109 4331 183 4378 πατρ

146 4390 201 4456 (11)
236 4391 277 4443 Sic
294 4394 364 4446 Amb.
381 4399 459 4449 etn-
453 4401 555 4465 vulgo
566 4403 764 4472 αναγαγίντιον,
780 4408 849 4474 quod
860 4408 908 4459 dn
897 4411 1037 4475 ographne
1049 4410 1120 4460 debet
1130 4423 1254 4472 onglnem.
1344 4377 1349 4384 ¹
