2754 5018
620 249 661 316 19

66 449 227 507 σκοπεῖν
266 441 424 525 χωρὶς,
472 439 499 501 εί
548 435 661 516 ἄξιος
704 443 722 504 ὁ
763 442 905 506 παθὼν
949 444 1112 517 παθεῖν,
1146 446 1206 507 καὶ

65 546 85 606 ὁ
132 543 308 615 ποιήσας
353 545 531 610 ποιῆσαι·
577 538 658 602 εἶτα
704 541 877 623 χρῆσθαι
922 543 1123 624 ὁποτέρως
1161 539 1206 605 ἂν

65 641 251 724 ἁρμόττῃ.
301 637 454 700 Ἐνίοτε
492 635 562 719 γὰρ
609 633 794 721 διαφωνεῖ
827 638 870 701 τὸ
901 645 1106 703 τοιοῦτον·
1144 641 1207 702 ὥσ-

64 769 133 824 περ
178 741 215 803 ἐν
265 741 312 821 τῷ
355 734 600 815 Ἀλκμαίωνι
644 740 691 820 τῴ
736 732 964 814 Θεοδέκτου,
1013 741 1072 801 καὶ
1117 738 1207 802 οἷον

65 842 85 914 ἡ
123 843 204 922 περὶ
254 838 535 918 Δημοσθένους
575 831 676 911 δίκη,
714 840 777 899 καὶ
821 841 896 900 τῶν
945 837 1205 903 ἀποκτεινάν-

412 935 429 958 ss

64 969 143 1004 των
193 939 408 1020 Νικάνορα.
504 940 559 1010 Τίς
598 938 656 1001 οὗν
695 940 777 1002 ἐστιν
816 940 834 1012 ἡ
874 942 1101 1020 Δημοσθένους
1138 936 1205 1014 δίκη

64 1044 116 1104 καὶ
156 1045 219 1102 τῶν
264 1033 515 1101 ἀποκτεινόντων
555 1037 735 1121 Νικάνορα,
780 1043 848 1123 περὶ
887 1042 923 1114 ἧς
962 1042 979 1102 ὁ
1026 1038 1205 1124 φιλόσοφος

65 1143 249 1224 γέγραφεν,
289 1140 321 1201 ἐν
355 1133 374 1220 ᾖ
411 1137 447 1199 τὸ
490 1137 681 1212 κυριώτατον
718 1146 779 1211 τῆς
810 1137 1075 1223 ἀμφισβητήσεως
1114 1141 1204 1224 κεφά-

64 1238 161 1303 λαιον
203 1242 241 1312 ἦν
280 1240 311 1301 έκ
343 1241 399 1300 τοῦ
432 1236 516 1319 πρὸς
549 1235 679 1311 ἄλληλα
712 1238 812 1300 τόπου
847 1233 921 1315 W)
958 1239 976 1312 ἡ
1010 1237 1094 1320 πρὸς
1130 1242 1202 1303 Αίσ·

63 1342 162 1425 χίνην
199 1339 274 1420 ὑπὲρ
315 1339 561 1420 Κτησιφῶντος,
595 1344 651 1400 τοῦ
684 1338 913 1422 παρασχόντος
951 1341 1144 1418 Δημοσθένει
1167 1341 1203 1404 τὸ

64 1443 136 1522 περὶ
170 1443 226 1501 τοῦ
267 1436 423 1521 στεφάνου
457 1439 620 1521 ψήφισμα,
660 1442 708 1502 καὶ
742 1439 800 1513 τὴν
830 1442 893 1502 τῶν
916 1440 1109 1523 παρανόμων
1132 1443 1203 1525 φεύ·

61 1566 183 1625 γοντος
207 1540 357 1622 γροφίιν;
385 1537 441 1600 Ἐν
464 1538 560 1622 ταύτῃ
582 1538 644 1623 γὰρ
668 1539 704 1602 τὸ
729 1538 921 1616 Ζητούμενου
945 1541 994 1614 ἦν,
1013 1539 1056 1601 ὀὐ
1080 1540 1116 1603 τὸ
1140 1567 1200 1604 κοι-

62 1640 141 1715 νὸν,
166 1640 188 1701 εί
213 1641 309 1718 τιμῶν
340 1641 388 1700 καὶ
420 1637 584 1720 στεφάνων
600 1635 690 1712 ἄξιος
706 1642 744 1712 ἦν
762 1640 989 1718 Δημοσθένης,
1017 1635 1142 1713 ἐπιδοὺς
1158 1636 1196 1717 (ὅ)

21 1805 24 1811 ,
61 1745 94 1804 ὲκ
115 1744 179 1803 τῶν
203 1736 291 1803 ἰδίων
315 1739 476 1819 κτημάτων
499 1740 557 1812 τὴν
580 1742 623 1816 είς
646 1740 684 1802 τὰ
708 1742 795 1823 τείχη
808 1735 972 1813 δαπάνην·
998 1736 1072 1803 ἀλλ’
1089 1743 1113 1803 εί
1130 1741 1199 1804 καθ’

62 1841 102 1904 ὂν
127 1843 251 1925 χρόνον
275 1842 452 1917 ὑπεύθυνος
476 1843 537 1916 ἦν,
561 1837 745 1912 κωλύοντος
767 1844 824 1902 τοῦ
847 1839 947 1919 νόμον
969 1842 1044 1912 τοὺς
1068 1840 1199 1903 ύπευθύ-

64 1968 142 2012 νους
165 1946 351 2022 στεφανοῦν.
377 1940 420 2002 Τὸ
443 1939 506 2024 γὰρ
530 1942 561 2003 ἐκ
584 1941 647 2002 τῶν
670 1938 753 2022 πρὸς
776 1936 905 2012 ἄλληλα
927 1938 1011 2001 τοῦτ’
1029 1938 1135 2014 έστιν,
1158 1943 1199 2015 εί,

62 2041 167 2122 ὥσπερ
201 2044 245 2124 τῷ
278 2036 364 2122 δήμῳ
394 2040 431 2102 τὸ
465 2035 590 2115 δοῦναι,
625 2037 706 2102 οὕτω
729 2035 768 2117 (Δ)
806 2042 853 2102 καὶ
886 2043 930 2124 τῷ
969 2039 1132 2125 ὑπευθύνῳ
1163 2041 1199 2104 τὸ

61 2141 180 2224 λαβεῖν
202 2142 259 2204 τὸν
282 2143 438 2222 στέφανον
461 2138 545 2214 ἐξῆν.

100 2241 191 2325 Ἔγὼ
221 2245 277 2322 μὲν
300 2238 359 2305 οὖν
382 2245 496 2318 ταύτης
521 2240 624 2322 οίομαι
647 2250 703 2315 τῆς
726 2238 813 2318 δίκης
835 2246 1009 2324 μεμνῆσθαι
1035 2243 1093 2309 τὸν
1115 2242 1199 2327 Ἀρι·

62 2338 219 2413 στοτέλη“
255 2342 278 2402 εἰ
313 2335 345 2402 δέ
378 2367 425 2413 τις
460 2341 541 2422 ἐρεῖ,
562 2341 625 2403 “ῖίτι
658 2344 727 2423 περὶ
762 2349 816 2414 τῆς
838 2345 902 2404 τῶν
926 2337 1057 2426 δώρων,
1093 2339 1131 2416 ἣν
1153 2343 1199 2407 ἐπ’

61 2439 265 2513 Ἀντικλέους
302 2439 465 2524 ἄρχοντος
502 2439 747 2523 ἆπελογὴσατο,
785 2445 855 2525 περὶ
892 2443 950 2516 τὴν
984 2439 1198 2528 Ἀλεξάνδρου

58 2541 229 2618 τελευτὴν,
262 2539 376 2625 πολλῷ
395 2537 433 2618 (5)
467 2542 617 2624 νεωτέρας
647 2540 690 2605 ἔτι
723 2544 843 2614 ποιήσει
877 2542 935 2616 τὰς
956 2541 1199 2627 Ἀριστοτέλους

58 2643 209 2724 τέχνας
231 2643 296 2703 τῶν
320 2643 548 2720 Δημοσθένους
571 2638 719 2723 εἰγιύνων.
764 2638 868 2704 Ἀλλὰ
891 2641 968 2725 γὰρ,
994 2643 1040 2703 ὅτι
1061 2644 1117 2722 μὲν
1134 2641 1197 2726 οὐχ

57 2745 76 2805 ὁ
114 2740 221 2825 ῥήτωρ
254 2744 338 2825 παρὰ
360 2748 417 2805 τοῦ
441 2740 623 2825 φιλοσόφου
646 2741 704 2814 τὰς
734 2743 883 2826 τέχνας
918 2738 1123 2825 παρέλαβεν,
1159 2739 1222 2818 ἃς,

56 2850 103 2919 είς
126 2848 201 2918 τοὺς
225 2847 427 2924 θαυμαστοὺς
450 2846 587 2920 ἐκείνους
611 2845 810 2907 κατεσκεύασε
834 2842 958 2928 λογοὺς
971 2892 980 2920 ,
1015 2842 1102 2908 ἀλλὰ
1125 2845 1196 2908 τού·

59 2949 191 3037 υαντίου
222 2944 259 3007 τὰ
297 2947 524 3023 Δημοσθένους
554 2946 602 3007 καὶ
636 2943 675 3007 τὰ
706 2946 771 3006 τῶν
805 2942 918 3008 ἄλλων
951 2942 1097 3028 ῥητόρων
1121 2943 1197 3029 ’έργα

56 3047 306 3127 παρατιθέμενος
325 3037 363 3120 46)
398 3041 621 3126 Ἀριστοτέλης
651 3043 767 3118 ταύτας
800 3040 915 3127 ’ἔγραψε
944 3042 1004 3118 τὰς
1024 3044 1197 3129 τέχνας,

57 3146 179 3216 ἱκανῶς
202 3139 425 3228 ἀποδεδεῖχθαι
450 3141 577 3225 νομίζω.

92 3954 129 4019 (2)
164 3955 252 4005 Nescio
279 3972 310 4005 an
337 3959 502 4019 reponendum
528 3959 574 4008 sit:
603 3957 744 4014 τῖς-ἄλλη
774 3951 884 4013 ἣὴετέ
903 3951 958 4003 vel:
980 3954 1018 4010 τίς
1035 3952 1081 4002 οὖν
1099 3949 1193 4015 (ἑτέρα)

56 4035 181 4092 ἐστιν-ἣ
198 4035 213 4092 ἡ
231 4034 281 4084 πτέ.
714 4047 717 4059 “

92 4111 129 4175 (3)
166 4111 247 4175 Vulgo
264 4114 404 4176 ἐπιδιδούς;
422 4114 486 4179 quod
504 4113 602 4163 correxi

91 4189 129 4253 (4)
163 4189 244 4253 Vulgo
260 4191 348 4250 οὕτως.

91 4266 128 4331 (5)
163 4268 245 4331 Vulgo
262 4265 370 4321 πολλῶν
386 4270 494 4321 absurde.

91 4343 128 4407 (6)
164 4345 246 4407 Vulgo
263 4348 453 4410 παραθέμενος;
470 4349 551 4398 minus
566 4351 638 4398 recte.
672 4348 738 4398 Male
756 4352 840 4399 autem
857 4350 971 4399 vertunt:
988 4351 1109 4394 oratorum
1119 4357 1193 4392 απαν-

53 4425 108 4483 ρῐίι
125 4423 233 4486 «diulus,
249 4441 306 4473 nam
322 4429 511 4489 παρατίθεσθαι
528 4430 564 4476 est
581 4429 680 4476 laudare
696 4443 714 4477 s.
732 4442 848 4489 apponere
864 4425 1010 4488 scriptorum
1026 4422 1096 4472 Ιοοοα
