<?xml version="1.0" encoding="UTF-8"?>
<!DOCTYPE html PUBLIC "-//W3C//DTD XHTML 1.0 Transitional//EN"
    "http://www.w3.org/TR/xhtml1/DTD/xhtml1-transitional.dtd">
<html xmlns="http://www.w3.org/1999/xhtml" xml:lang="en" lang="en">
 <head>
  <title>
</title>
<meta http-equiv="Content-Type" content="text/html;charset=utf-8" />
  <meta name='ocr-system' content='tesseract 3.04.00' />
  <meta name='ocr-capabilities' content='ocr_page ocr_carea ocr_par ocr_line ocrx_word'/>
</head>
<body>
  <div class='ocr_page' id='page_1' title='image "./dionysiihalicar00diongoog_0066.png"; bbox 0 0 2754 5018; ppageno 0'>
   <div class='ocr_carea' id='block_1_1' title="bbox 117 428 1240 716">
    <p class='ocr_par' dir='ltr' id='par_1_1' title="bbox 117 428 1240 716">
     <span class='ocr_line' id='line_1_1' title="bbox 117 428 1238 516; baseline -0.002 -19"><span class='ocrx_word' id='word_1_1' title='bbox 117 432 202 516; x_wconf 69' lang='grc' dir='ltr'>παρὰ</span> <span class='ocrx_word' id='word_1_2' title='bbox 235 436 331 496; x_wconf 77' lang='grc' dir='ltr'>τοῦτο</span> <span class='ocrx_word' id='word_1_3' title='bbox 349 428 400 509; x_wconf 75' lang='grc' dir='ltr'><strong>(ί).</strong></span> <span class='ocrx_word' id='word_1_4' title='bbox 452 431 621 516; x_wconf 77' lang='grc' dir='ltr'>Ἐνᾶργειιι</span> <span class='ocrx_word' id='word_1_5' title='bbox 651 432 726 511; x_wconf 82' lang='grc' dir='ltr'>μετὰ</span> <span class='ocrx_word' id='word_1_6' title='bbox 758 437 856 497; x_wconf 84' lang='grc' dir='ltr'>ταῦτα</span> <span class='ocrx_word' id='word_1_7' title='bbox 888 433 1027 496; x_wconf 74' lang='grc' dir='ltr'>τέτακται</span> <span class='ocrx_word' id='word_1_8' title='bbox 1059 428 1165 512; x_wconf 82' lang='grc' dir='ltr'>πρόιτη</span> <span class='ocrx_word' id='word_1_9' title='bbox 1185 433 1238 495; x_wconf 81' lang='grc' dir='ltr'><strong>τῶν</strong></span> 
     </span>
     <span class='ocr_line' id='line_1_2' title="bbox 117 528 1240 618; baseline -0.005 -19"><span class='ocrx_word' id='word_1_10' title='bbox 117 535 266 599; x_wconf 63' lang='grc' dir='ltr'>ἐπιθέτων</span> <span class='ocrx_word' id='word_1_11' title='bbox 300 532 429 616; x_wconf 79' lang='grc' dir='ltr'>ἆρετῶν.</span> <span class='ocrx_word' id='word_1_12' title='bbox 481 528 611 606; x_wconf 68' lang='lat' dir='ltr'><strong>‘lauccio</strong></span> <span class='ocrx_word' id='word_1_13' title='bbox 649 534 682 597; x_wconf 80' lang='grc' dir='ltr'><strong>ἐν</strong></span> <span class='ocrx_word' id='word_1_14' title='bbox 719 535 815 618; x_wconf 69' lang='grc' dir='ltr'>ταύτῃ</span> <span class='ocrx_word' id='word_1_15' title='bbox 837 533 1051 616; x_wconf 59' lang='grc' dir='ltr'>κατορθοῦσιν</span> <span class='ocrx_word' id='word_1_16' title='bbox 1073 528 1240 615; x_wconf 73' lang='grc' dir='ltr'>ἀμφότεροι.</span> 
     </span>
     <span class='ocr_line' id='line_1_3' title="bbox 120 632 1240 716; baseline -0.001 -19"><span class='ocrx_word' id='word_1_17' title='bbox 120 633 206 697; x_wconf 83' lang='grc' dir='ltr'>Μετὰ</span> <span class='ocrx_word' id='word_1_18' title='bbox 235 635 351 706; x_wconf 80' lang='grc' dir='ltr'>ταύτην</span> <span class='ocrx_word' id='word_1_19' title='bbox 374 634 554 696; x_wconf 79' lang='grc' dir='ltr'>συνίσταται</span> <span class='ocrx_word' id='word_1_20' title='bbox 579 633 647 709; x_wconf 82' lang='grc' dir='ltr'><strong>(τὴν</strong></span> <span class='ocrx_word' id='word_1_21' title='bbox 669 632 793 716; x_wconf 74' lang='grc' dir='ltr'>ἀρετὴν)</span> <span class='ocrx_word' id='word_1_22' title='bbox 817 633 836 706; x_wconf 84' lang='grc' dir='ltr'><em>ἡ</em></span> <span class='ocrx_word' id='word_1_23' title='bbox 859 635 924 697; x_wconf 77' lang='grc' dir='ltr'><strong>τῶν</strong></span> <span class='ocrx_word' id='word_1_24' title='bbox 947 632 1038 705; x_wconf 63' lang='grc' dir='ltr'><strong>ἠθῶν</strong></span> <span class='ocrx_word' id='word_1_25' title='bbox 1060 657 1094 692; x_wconf 90' lang='grc' dir='ltr'><strong>τε</strong></span> <span class='ocrx_word' id='word_1_26' title='bbox 1116 634 1165 695; x_wconf 81' lang='grc' dir='ltr'><strong>καὶ</strong></span> <span class='ocrx_word' id='word_1_27' title='bbox 1190 656 1240 696; x_wconf 88' lang='grc' dir='ltr'><strong>πα·</strong></span> 
     </span>
    </p>
   </div>
   <div class='ocr_carea' id='block_1_2' title="bbox 118 728 1292 2111">
    <p class='ocr_par' dir='ltr' id='par_1_2' title="bbox 118 728 1292 2111">
     <span class='ocr_line' id='line_1_4' title="bbox 118 728 1241 817; baseline -0.002 -20"><span class='ocrx_word' id='word_1_28' title='bbox 118 735 187 797; x_wconf 63' lang='grc' dir='ltr'><strong>δῶν</strong></span> <span class='ocrx_word' id='word_1_29' title='bbox 219 736 357 813; x_wconf 87' lang='grc' dir='ltr'>μίμησις.</span> <span class='ocrx_word' id='word_1_30' title='bbox 405 728 575 816; x_wconf 69' lang='grc' dir='ltr'>Διῄρηνται</span> <span class='ocrx_word' id='word_1_31' title='bbox 608 735 666 807; x_wconf 74' lang='grc' dir='ltr'><strong>τὴν</strong></span> <span class='ocrx_word' id='word_1_32' title='bbox 700 733 814 815; x_wconf 68' lang='grc' dir='ltr'>ἀρετὴν</span> <span class='ocrx_word' id='word_1_33' title='bbox 848 735 965 806; x_wconf 75' lang='grc' dir='ltr'>ταύτην</span> <span class='ocrx_word' id='word_1_34' title='bbox 994 734 1025 796; x_wconf 84' lang='lat' dir='ltr'><strong>oi</strong></span> <span class='ocrx_word' id='word_1_35' title='bbox 1045 740 1241 817; x_wconf 75' lang='grc' dir='ltr'><strong>συγγραφεῖς.</strong></span> 
     </span>
     <span class='ocr_line' id='line_1_5' title="bbox 120 824 1292 915; baseline -0.002 -17"><span class='ocrx_word' id='word_1_36' title='bbox 120 827 316 906; x_wconf 81' lang='grc' dir='ltr'>θουκυδίδης</span> <span class='ocrx_word' id='word_1_37' title='bbox 336 824 393 912; x_wconf 66' lang='grc' dir='ltr'><strong>μὲν</strong></span> <span class='ocrx_word' id='word_1_38' title='bbox 414 831 477 915; x_wconf 83' lang='grc' dir='ltr'><strong>γὰρ</strong></span> <span class='ocrx_word' id='word_1_39' title='bbox 499 830 537 896; x_wconf 75' lang='grc' dir='ltr'><strong>τι)</strong></span> <span class='ocrx_word' id='word_1_40' title='bbox 559 832 647 904; x_wconf 64' lang='grc' dir='ltr'><strong>πάθη</strong></span> <span class='ocrx_word' id='word_1_41' title='bbox 669 827 810 905; x_wconf 78' lang='grc' dir='ltr'>δηλῶσαι</span> <span class='ocrx_word' id='word_1_42' title='bbox 833 835 997 915; x_wconf 72' lang='grc' dir='ltr'>κρείττων,</span> <span class='ocrx_word' id='word_1_43' title='bbox 1019 825 1196 914; x_wconf 79' lang='grc' dir='ltr'>Ἡρόδοτος</span> <span class='ocrx_word' id='word_1_44' title='bbox 1216 827 1242 896; x_wconf 81' lang='grc' dir='ltr'><strong>δὲ</strong></span> <span class='ocrx_word' id='word_1_45' title='bbox 1289 860 1292 915; x_wconf 82' lang='lat'>;</span> 
     </span>
     <span class='ocr_line' id='line_1_6' title="bbox 118 920 1292 1015; baseline 0 -21"><span class='ocrx_word' id='word_1_46' title='bbox 118 928 155 994; x_wconf 71' lang='lat' dir='ltr'><strong>vd</strong></span> <span class='ocrx_word' id='word_1_47' title='bbox 191 929 253 1004; x_wconf 63' lang='lat' dir='ltr'><strong>iibri</strong></span> <span class='ocrx_word' id='word_1_48' title='bbox 272 926 309 1007; x_wconf 54' lang='grc' dir='ltr'><strong>(δ)</strong></span> <span class='ocrx_word' id='word_1_49' title='bbox 341 939 538 1015; x_wconf 81' lang='grc' dir='ltr'>παραστῆσαι</span> <span class='ocrx_word' id='word_1_50' title='bbox 568 926 755 1015; x_wconf 84' lang='grc' dir='ltr'>δεινότερος.</span> <span class='ocrx_word' id='word_1_51' title='bbox 800 930 887 996; x_wconf 85' lang='grc' dir='ltr'>Μετὰ</span> <span class='ocrx_word' id='word_1_52' title='bbox 917 928 1008 994; x_wconf 68' lang='grc' dir='ltr'>ταῦθ’</span> <span class='ocrx_word' id='word_1_53' title='bbox 1040 931 1073 994; x_wconf 81' lang='grc' dir='ltr'><strong>αἱ</strong></span> <span class='ocrx_word' id='word_1_54' title='bbox 1106 929 1143 994; x_wconf 86' lang='grc' dir='ltr'><strong>τὸ</strong></span> <span class='ocrx_word' id='word_1_55' title='bbox 1175 931 1243 1014; x_wconf 80' lang='grc' dir='ltr'>μίγα</span> <span class='ocrx_word' id='word_1_56' title='bbox 1289 920 1292 1009; x_wconf 96' lang='grc'><strong>)</strong></span> 
     </span>
     <span class='ocr_line' id='line_1_7' title="bbox 119 1014 1292 1113; baseline 0.001 -21"><span class='ocrx_word' id='word_1_57' title='bbox 119 1032 167 1092; x_wconf 81' lang='grc' dir='ltr'><strong>καὶ</strong></span> <span class='ocrx_word' id='word_1_58' title='bbox 201 1029 385 1110; x_wconf 65' lang='grc' dir='ltr'>θαυμαστὸν</span> <span class='ocrx_word' id='word_1_59' title='bbox 415 1031 615 1113; x_wconf 74' lang='grc' dir='ltr'>ἐκφαίνουσαι</span> <span class='ocrx_word' id='word_1_60' title='bbox 644 1038 699 1104; x_wconf 79' lang='grc' dir='ltr'><strong>τῆς</strong></span> <span class='ocrx_word' id='word_1_61' title='bbox 723 1038 911 1104; x_wconf 83' lang='grc' dir='ltr'>κατασκευῆς</span> <span class='ocrx_word' id='word_1_62' title='bbox 935 1026 1052 1113; x_wconf 86' lang='grc' dir='ltr'>ιἰρεταί.</span> <span class='ocrx_word' id='word_1_63' title='bbox 1091 1025 1176 1093; x_wconf 81' lang='grc' dir='ltr'>Ἴσοι</span> <span class='ocrx_word' id='word_1_64' title='bbox 1196 1026 1244 1093; x_wconf 82' lang='grc' dir='ltr'><strong>κιίν</strong></span> <span class='ocrx_word' id='word_1_65' title='bbox 1289 1014 1292 1057; x_wconf 66' lang='lat'><em>⁵</em></span> 
     </span>
     <span class='ocr_line' id='line_1_8' title="bbox 119 1125 1245 1214; baseline 0.001 -23"><span class='ocrx_word' id='word_1_66' title='bbox 119 1128 245 1203; x_wconf 70' lang='lat' dir='ltr'><strong>cairate</strong></span> <span class='ocrx_word' id='word_1_67' title='bbox 278 1133 308 1195; x_wconf 84' lang='lat' dir='ltr'><strong>oi</strong></span> <span class='ocrx_word' id='word_1_68' title='bbox 344 1138 550 1214; x_wconf 85' lang='grc' dir='ltr'>συγγραφεῖς.</span> <span class='ocrx_word' id='word_1_69' title='bbox 590 1125 747 1195; x_wconf 66' lang='grc' dir='ltr'>Ἔσονται</span> <span class='ocrx_word' id='word_1_70' title='bbox 780 1132 907 1204; x_wconf 75' lang='grc' dir='ltr'>ταύταις</span> <span class='ocrx_word' id='word_1_71' title='bbox 938 1131 968 1193; x_wconf 83' lang='grc' dir='ltr'><strong>αἱ</strong></span> <span class='ocrx_word' id='word_1_72' title='bbox 1002 1128 1062 1202; x_wconf 81' lang='grc' dir='ltr'><strong>τὴν</strong></span> <span class='ocrx_word' id='word_1_73' title='bbox 1086 1129 1184 1212; x_wconf 75' lang='grc' dir='ltr'>ἰσχὺν</span> <span class='ocrx_word' id='word_1_74' title='bbox 1205 1132 1245 1193; x_wconf 81' lang='grc' dir='ltr'><strong>καὶ</strong></span> 
     </span>
     <span class='ocr_line' id='line_1_9' title="bbox 118 1220 1244 1312; baseline -0.001 -21"><span class='ocrx_word' id='word_1_75' title='bbox 118 1227 176 1292; x_wconf 85' lang='grc' dir='ltr'><strong>τὸν</strong></span> <span class='ocrx_word' id='word_1_76' title='bbox 212 1229 310 1293; x_wconf 86' lang='grc' dir='ltr'>τόνον</span> <span class='ocrx_word' id='word_1_77' title='bbox 347 1232 396 1295; x_wconf 81' lang='grc' dir='ltr'><strong>καὶ</strong></span> <span class='ocrx_word' id='word_1_78' title='bbox 429 1228 487 1302; x_wconf 86' lang='grc' dir='ltr'><strong>τὰς</strong></span> <span class='ocrx_word' id='word_1_79' title='bbox 522 1229 756 1310; x_wconf 79' lang='grc' dir='ltr'>ὁμοιοτρόπους</span> <span class='ocrx_word' id='word_1_80' title='bbox 788 1224 933 1310; x_wconf 81' lang='grc' dir='ltr'>δυνάμεις</span> <span class='ocrx_word' id='word_1_81' title='bbox 967 1235 1024 1302; x_wconf 81' lang='grc' dir='ltr'><strong>τῆς</strong></span> <span class='ocrx_word' id='word_1_82' title='bbox 1048 1220 1244 1312; x_wconf 62' lang='grc' dir='ltr'>φράσεωςβ)</span> 
     </span>
     <span class='ocr_line' id='line_1_10' title="bbox 118 1321 1248 1413; baseline 0 -23"><span class='ocrx_word' id='word_1_83' title='bbox 118 1327 327 1413; x_wconf 75' lang='grc' dir='ltr'>περιέχουσαι.</span> <span class='ocrx_word' id='word_1_84' title='bbox 382 1330 540 1413; x_wconf 80' lang='grc' dir='ltr'>Κρείττων</span> <span class='ocrx_word' id='word_1_85' title='bbox 571 1330 603 1391; x_wconf 77' lang='grc' dir='ltr'><strong>ἐν</strong></span> <span class='ocrx_word' id='word_1_86' title='bbox 628 1331 701 1409; x_wconf 71' lang='grc' dir='ltr'><strong>(μὲν)</strong></span> <span class='ocrx_word' id='word_1_87' title='bbox 720 1324 759 1406; x_wconf 68' lang='grc' dir='ltr'><strong>(ί)</strong></span> <span class='ocrx_word' id='word_1_88' title='bbox 784 1329 911 1406; x_wconf 82' lang='grc' dir='ltr'>ταόταις</span> <span class='ocrx_word' id='word_1_89' title='bbox 932 1321 1114 1410; x_wconf 83' lang='grc' dir='ltr'>Ἡροδότου</span> <span class='ocrx_word' id='word_1_90' title='bbox 1138 1331 1248 1394; x_wconf 64' lang='lat' dir='ltr'><strong>&amp;curu-</strong></span> 
     </span>
     <span class='ocr_line' id='line_1_11' title="bbox 119 1423 1248 1514; baseline -0.004 -21"><span class='ocrx_word' id='word_1_91' title='bbox 119 1423 230 1503; x_wconf 85' lang='grc' dir='ltr'>δίδης,</span> <span class='ocrx_word' id='word_1_92' title='bbox 261 1424 381 1503; x_wconf 81' lang='grc' dir='ltr'>ἡδονὴν</span> <span class='ocrx_word' id='word_1_93' title='bbox 413 1425 444 1495; x_wconf 81' lang='grc' dir='ltr'><strong>δὲ</strong></span> <span class='ocrx_word' id='word_1_94' title='bbox 479 1434 527 1493; x_wconf 84' lang='grc' dir='ltr'><strong>καῖ</strong></span> <span class='ocrx_word' id='word_1_95' title='bbox 558 1431 656 1494; x_wconf 62' lang='grc' dir='ltr'>πειθὼ</span> <span class='ocrx_word' id='word_1_96' title='bbox 692 1433 741 1494; x_wconf 83' lang='grc' dir='ltr'><strong>καὶ</strong></span> <span class='ocrx_word' id='word_1_97' title='bbox 774 1431 882 1514; x_wconf 74' lang='grc' dir='ltr'>τέρψιν</span> <span class='ocrx_word' id='word_1_98' title='bbox 905 1433 953 1495; x_wconf 81' lang='grc' dir='ltr'><strong>καὶ</strong></span> <span class='ocrx_word' id='word_1_99' title='bbox 976 1428 1036 1502; x_wconf 86' lang='grc' dir='ltr'><strong>τὰς</strong></span> <span class='ocrx_word' id='word_1_100' title='bbox 1060 1430 1248 1512; x_wconf 83' lang='grc' dir='ltr'>ὁμοιογενεῖς</span> 
     </span>
     <span class='ocr_line' id='line_1_12' title="bbox 118 1521 1247 1613; baseline -0.004 -23"><span class='ocrx_word' id='word_1_101' title='bbox 118 1526 231 1611; x_wconf 82' lang='grc' dir='ltr'>ιἰρετὰς</span> <span class='ocrx_word' id='word_1_102' title='bbox 267 1529 435 1611; x_wconf 76' lang='grc' dir='ltr'>εἰσφέρεται</span> <span class='ocrx_word' id='word_1_103' title='bbox 470 1533 579 1613; x_wconf 67' lang='grc' dir='ltr'>μακρῷ</span> <span class='ocrx_word' id='word_1_104' title='bbox 616 1525 810 1594; x_wconf 72' lang='grc' dir='ltr'>Θουκυδίδου</span> <span class='ocrx_word' id='word_1_105' title='bbox 848 1531 1027 1611; x_wconf 85' lang='grc' dir='ltr'>κρείττονας</span> <span class='ocrx_word' id='word_1_106' title='bbox 1066 1521 1247 1610; x_wconf 84' lang='grc' dir='ltr'>Ἡρόδοτος.</span> 
     </span>
     <span class='ocr_line' id='line_1_13' title="bbox 120 1623 1249 1712; baseline -0.003 -21"><span class='ocrx_word' id='word_1_107' title='bbox 120 1633 184 1701; x_wconf 80' lang='grc' dir='ltr'><strong>Τῆς</strong></span> <span class='ocrx_word' id='word_1_108' title='bbox 230 1623 261 1691; x_wconf 74' lang='grc' dir='ltr'><strong>δὲ</strong></span> <span class='ocrx_word' id='word_1_109' title='bbox 313 1627 459 1712; x_wconf 78' lang='grc' dir='ltr'>φράσεως</span> <span class='ocrx_word' id='word_1_110' title='bbox 505 1631 568 1690; x_wconf 78' lang='grc' dir='ltr'><strong>τῶν</strong></span> <span class='ocrx_word' id='word_1_111' title='bbox 617 1630 784 1710; x_wconf 78' lang='grc' dir='ltr'>ὀνομάτων</span> <span class='ocrx_word' id='word_1_112' title='bbox 803 1624 841 1707; x_wconf 72' lang='grc'><strong>(5)</strong></span> <span class='ocrx_word' id='word_1_113' title='bbox 887 1628 924 1692; x_wconf 85' lang='grc' dir='ltr'><strong>τὸ</strong></span> <span class='ocrx_word' id='word_1_114' title='bbox 963 1631 1021 1710; x_wconf 76' lang='grc' dir='ltr'><strong>μὲν</strong></span> <span class='ocrx_word' id='word_1_115' title='bbox 1051 1625 1249 1710; x_wconf 75' lang='grc' dir='ltr'>κατὰφύσιν</span> 
     </span>
     <span class='ocr_line' id='line_1_14' title="bbox 118 1720 1248 1811; baseline -0.004 -18"><span class='ocrx_word' id='word_1_116' title='bbox 118 1723 296 1811; x_wconf 85' lang='grc' dir='ltr'>Ἡρόδοτος</span> <span class='ocrx_word' id='word_1_117' title='bbox 318 1725 476 1804; x_wconf 75' lang='grc' dir='ltr'>ἐζήλωκε,</span> <span class='ocrx_word' id='word_1_118' title='bbox 507 1727 543 1792; x_wconf 80' lang='grc' dir='ltr'><strong>τὸ</strong></span> <span class='ocrx_word' id='word_1_119' title='bbox 574 1723 605 1792; x_wconf 81' lang='grc' dir='ltr'><strong>δὲ</strong></span> <span class='ocrx_word' id='word_1_120' title='bbox 641 1725 744 1797; x_wconf 77' lang='grc' dir='ltr'>δεινὸν,</span> <span class='ocrx_word' id='word_1_121' title='bbox 780 1723 984 1802; x_wconf 83' lang='grc' dir='ltr'>θουκυδίδης.</span> <span class='ocrx_word' id='word_1_122' title='bbox 1009 1720 1171 1806; x_wconf 79' lang='grc' dir='ltr'>(ὁμοειδὴς</span> <span class='ocrx_word' id='word_1_123' title='bbox 1192 1728 1248 1800; x_wconf 84' lang='grc' dir='ltr'>πῖις</span> 
     </span>
     <span class='ocr_line' id='line_1_15' title="bbox 120 1819 1247 1912; baseline -0.001 -24"><span class='ocrx_word' id='word_1_124' title='bbox 120 1825 176 1904; x_wconf 79' lang='grc' dir='ltr'><strong>ὧν)</strong></span> <span class='ocrx_word' id='word_1_125' title='bbox 196 1821 233 1905; x_wconf 82' lang='grc'><strong>(6)</strong></span> <span class='ocrx_word' id='word_1_126' title='bbox 259 1826 315 1895; x_wconf 90' lang='grc' dir='ltr'><strong>Ἐν</strong></span> <span class='ocrx_word' id='word_1_127' title='bbox 337 1824 454 1911; x_wconf 79' lang='grc' dir='ltr'>λόγοις</span> <span class='ocrx_word' id='word_1_128' title='bbox 477 1824 597 1909; x_wconf 76' lang='grc' dir='ltr'>ἀρετῶν</span> <span class='ocrx_word' id='word_1_129' title='bbox 620 1828 639 1900; x_wconf 84' lang='grc' dir='ltr'>ἡ</span> <span class='ocrx_word' id='word_1_130' title='bbox 663 1828 833 1912; x_wconf 76' lang='grc' dir='ltr'>κυριωτάτη</span> <span class='ocrx_word' id='word_1_131' title='bbox 849 1828 886 1890; x_wconf 82' lang='grc' dir='ltr'><strong>τὸ</strong></span> <span class='ocrx_word' id='word_1_132' title='bbox 902 1828 1033 1910; x_wconf 75' lang='grc' dir='ltr'>πρέπον.</span> <span class='ocrx_word' id='word_1_133' title='bbox 1079 1825 1205 1898; x_wconf 77' lang='grc' dir='ltr'>Ταύτην</span> <span class='ocrx_word' id='word_1_134' title='bbox 1215 1819 1247 1901; x_wconf 85' lang='grc' dir='ltr'><strong>(ί)</strong></span> 
     </span>
     <span class='ocr_line' id='line_1_16' title="bbox 118 1920 1251 2010; baseline -0.003 -19"><span class='ocrx_word' id='word_1_135' title='bbox 118 1921 297 2010; x_wconf 80' lang='grc' dir='ltr'>Ἡρόδοτος</span> <span class='ocrx_word' id='word_1_136' title='bbox 320 1922 451 2010; x_wconf 74' lang='grc' dir='ltr'>ἀκριβοῖ</span> <span class='ocrx_word' id='word_1_137' title='bbox 472 1922 602 2006; x_wconf 79' lang='grc' dir='ltr'>μᾶλλον</span> <span class='ocrx_word' id='word_1_138' title='bbox 626 1924 644 2000; x_wconf 82' lang='grc' dir='ltr'>ἢ</span> <span class='ocrx_word' id='word_1_139' title='bbox 669 1922 876 2000; x_wconf 68' lang='grc' dir='ltr'>Θουκυδίδης.</span> <span class='ocrx_word' id='word_1_140' title='bbox 899 1920 1067 2007; x_wconf 82' lang='grc' dir='ltr'>Ὀμοειδὴς</span> <span class='ocrx_word' id='word_1_141' title='bbox 1082 1921 1147 2008; x_wconf 71' lang='grc' dir='ltr'><strong>γδρ</strong></span> <span class='ocrx_word' id='word_1_142' title='bbox 1164 1921 1251 2001; x_wconf 72' lang='grc' dir='ltr'>οὗτος</span> 
     </span>
     <span class='ocr_line' id='line_1_17' title="bbox 122 2019 1251 2111; baseline -0.004 -23"><span class='ocrx_word' id='word_1_143' title='bbox 122 2026 155 2088; x_wconf 83' lang='grc' dir='ltr'><strong>ἐν</strong></span> <span class='ocrx_word' id='word_1_144' title='bbox 176 2029 254 2090; x_wconf 74' lang='grc' dir='ltr'>πᾶσι</span> <span class='ocrx_word' id='word_1_145' title='bbox 276 2026 335 2091; x_wconf 74' lang='grc' dir='ltr'><strong>κᾶν</strong></span> <span class='ocrx_word' id='word_1_146' title='bbox 357 2034 426 2101; x_wconf 83' lang='grc' dir='ltr'>ταῖς</span> <span class='ocrx_word' id='word_1_147' title='bbox 450 2020 655 2111; x_wconf 80' lang='grc' dir='ltr'>δημηγορίαις</span> <span class='ocrx_word' id='word_1_148' title='bbox 677 2023 806 2108; x_wconf 78' lang='grc' dir='ltr'>μᾶλλον</span> <span class='ocrx_word' id='word_1_149' title='bbox 830 2024 894 2101; x_wconf 82' lang='grc' dir='ltr'><strong>ἣ’ν</strong></span> <span class='ocrx_word' id='word_1_150' title='bbox 912 2020 950 2105; x_wconf 86' lang='grc'><strong>(8)</strong></span> <span class='ocrx_word' id='word_1_151' title='bbox 975 2031 1043 2102; x_wconf 80' lang='grc' dir='ltr'>ταῖς</span> <span class='ocrx_word' id='word_1_152' title='bbox 1059 2019 1251 2109; x_wconf 69' lang='grc' dir='ltr'>διηγήσεσιν.</span> 
     </span>
    </p>
   </div>
   <div class='ocr_carea' id='block_1_3' title="bbox 125 2120 1253 2210">
    <p class='ocr_par' dir='ltr' id='par_1_3' title="bbox 125 2120 1253 2210">
     <span class='ocr_line' id='line_1_18' title="bbox 125 2120 1253 2210; baseline 0.009 -32"><span class='ocrx_word' id='word_1_153' title='bbox 125 2132 165 2198; x_wconf 81' lang='grc'><strong>-)-</strong></span> <span class='ocrx_word' id='word_1_154' title='bbox 191 2132 230 2198; x_wconf 58' lang='lat' dir='ltr'><strong>-Js</strong></span> <span class='ocrx_word' id='word_1_155' title='bbox 252 2132 292 2199; x_wconf 58' lang='grc'><strong>«(-</strong></span> <span class='ocrx_word' id='word_1_156' title='bbox 308 2133 348 2199; x_wconf 67' lang='lat' dir='ltr'><strong>-f-</strong></span> <span class='ocrx_word' id='word_1_157' title='bbox 376 2124 414 2202; x_wconf 75' lang='lat' dir='ltr'><strong>(ll)</strong></span> <span class='ocrx_word' id='word_1_158' title='bbox 447 2126 536 2207; x_wconf 81' lang='grc' dir='ltr'>’Ἐμοὶ</span> <span class='ocrx_word' id='word_1_159' title='bbox 557 2128 664 2207; x_wconf 76' lang='grc' dir='ltr'>μέντοι</span> <span class='ocrx_word' id='word_1_160' title='bbox 687 2128 734 2191; x_wconf 81' lang='grc' dir='ltr'><strong>κα)</strong></span> <span class='ocrx_word' id='word_1_161' title='bbox 758 2130 802 2210; x_wconf 68' lang='grc' dir='ltr'><strong>τῷ</strong></span> <span class='ocrx_word' id='word_1_162' title='bbox 826 2123 966 2210; x_wconf 80' lang='grc' dir='ltr'>φιλτάτῳ</span> <span class='ocrx_word' id='word_1_163' title='bbox 997 2121 1153 2208; x_wconf 74' lang='grc' dir='ltr'>Καικιλίῳ</span> <span class='ocrx_word' id='word_1_164' title='bbox 1176 2120 1253 2190; x_wconf 80' lang='grc' dir='ltr'>δοκεῖ</span> 
     </span>
    </p>
   </div>
   <div class='ocr_carea' id='block_1_4' title="bbox 120 2261 279 2276">
    <p class='ocr_par' dir='ltr' id='par_1_4' title="bbox 120 2261 279 2276">
     <span class='ocr_line' id='line_1_19' title="bbox 120 2261 279 2276; baseline 0.006 -5"><span class='ocrx_word' id='word_1_165' title='bbox 120 2261 279 2276; x_wconf 57' lang='grc' dir='ltr'><strong>-υ-φ--η</strong></span> 
     </span>
    </p>
   </div>
   <div class='ocr_carea' id='block_1_5' title="bbox 120 2326 1263 4434">
    <p class='ocr_par' dir='ltr' id='par_1_5' title="bbox 120 2326 1253 3019">
     <span class='ocr_line' id='line_1_20' title="bbox 154 2326 1251 2394; baseline 0.001 -18"><span class='ocrx_word' id='word_1_166' title='bbox 154 2327 190 2390; x_wconf 85' lang='lat'><strong>(1)</strong></span> <span class='ocrx_word' id='word_1_167' title='bbox 224 2327 414 2380; x_wconf 77' lang='grc' dir='ltr'>ἀλλὰ-ταῦτο,</span> <span class='ocrx_word' id='word_1_168' title='bbox 447 2329 485 2381; x_wconf 89' lang='lat' dir='ltr'><strong>De</strong></span> <span class='ocrx_word' id='word_1_169' title='bbox 501 2346 555 2380; x_wconf 89' lang='lat' dir='ltr'><strong>meo</strong></span> <span class='ocrx_word' id='word_1_170' title='bbox 572 2331 664 2379; x_wconf 85' lang='lat' dir='ltr'><strong>inserui</strong></span> <span class='ocrx_word' id='word_1_171' title='bbox 683 2330 799 2382; x_wconf 84' lang='lat' dir='ltr'><strong>vocabula</strong></span> <span class='ocrx_word' id='word_1_172' title='bbox 816 2329 838 2394; x_wconf 78' lang='grc' dir='ltr'>γ’</span> <span class='ocrx_word' id='word_1_173' title='bbox 858 2330 945 2389; x_wconf 80' lang='grc' dir='ltr'>ἥττων</span> <span class='ocrx_word' id='word_1_174' title='bbox 963 2332 1020 2380; x_wconf 81' lang='lat' dir='ltr'><strong>aute</strong></span> <span class='ocrx_word' id='word_1_175' title='bbox 1036 2326 1116 2389; x_wconf 79' lang='lat' dir='ltr'><strong>iero,</strong></span> <span class='ocrx_word' id='word_1_176' title='bbox 1146 2331 1177 2377; x_wconf 89' lang='lat' dir='ltr'><strong>ut</strong></span> <span class='ocrx_word' id='word_1_177' title='bbox 1203 2343 1251 2379; x_wconf 81' lang='lat' dir='ltr'><strong>acu·</strong></span> 
     </span>
     <span class='ocr_line' id='line_1_21' title="bbox 120 2405 1252 2469; baseline 0 -15"><span class='ocrx_word' id='word_1_178' title='bbox 120 2419 161 2454; x_wconf 89' lang='lat' dir='ltr'><strong>sus</strong></span> <span class='ocrx_word' id='word_1_179' title='bbox 193 2410 232 2455; x_wconf 87' lang='lat' dir='ltr'><strong>sat</strong></span> <span class='ocrx_word' id='word_1_180' title='bbox 262 2408 401 2459; x_wconf 88' lang='lat' dir='ltr'><strong>commodus</strong></span> <span class='ocrx_word' id='word_1_181' title='bbox 430 2413 542 2458; x_wconf 68' lang='lat' dir='ltr'><strong>umectus</strong></span> <span class='ocrx_word' id='word_1_182' title='bbox 569 2406 650 2456; x_wconf 83' lang='lat' dir='ltr'><strong>hicce:</strong></span> <span class='ocrx_word' id='word_1_183' title='bbox 684 2409 731 2456; x_wconf 77' lang='lat' dir='ltr'><strong>ded</strong></span> <span class='ocrx_word' id='word_1_184' title='bbox 753 2407 819 2454; x_wconf 79' lang='lat' dir='ltr'><strong>m‘de&#39;l</strong></span> <span class='ocrx_word' id='word_1_185' title='bbox 847 2406 931 2454; x_wconf 80' lang='lat' dir='ltr'><strong>scitam</strong></span> <span class='ocrx_word' id='word_1_186' title='bbox 959 2405 1063 2467; x_wconf 76' lang='lat' dir='ltr'><strong>inj&#39;crier</strong></span> <span class='ocrx_word' id='word_1_187' title='bbox 1083 2407 1118 2454; x_wconf 79' lang='lat' dir='ltr'><strong>sit</strong></span> <span class='ocrx_word' id='word_1_188' title='bbox 1131 2411 1252 2469; x_wconf 67' lang='lat' dir='ltr'><strong>proptera</strong></span> 
     </span>
     <span class='ocr_line' id='line_1_22' title="bbox 122 2479 1251 2547; baseline 0.001 -17"><span class='ocrx_word' id='word_1_189' title='bbox 122 2479 260 2546; x_wconf 83' lang='lat' dir='ltr'><strong>&lt;Herodoto</strong></span> <span class='ocrx_word' id='word_1_190' title='bbox 282 2482 456 2547; x_wconf 76' lang='lat' dir='ltr'><strong>Thucydides).</strong></span> <span class='ocrx_word' id='word_1_191' title='bbox 509 2485 587 2536; x_wconf 90' lang='lat' dir='ltr'><strong>Paulo</strong></span> <span class='ocrx_word' id='word_1_192' title='bbox 613 2490 670 2536; x_wconf 89' lang='lat' dir='ltr'><strong>aute</strong></span> <span class='ocrx_word' id='word_1_193' title='bbox 692 2485 787 2534; x_wconf 84' lang='lat' dir='ltr'><strong>dixerat</strong></span> <span class='ocrx_word' id='word_1_194' title='bbox 812 2484 930 2533; x_wconf 85' lang='lat' dir='ltr'><strong>brevitate</strong></span> <span class='ocrx_word' id='word_1_195' title='bbox 950 2483 1015 2532; x_wconf 88' lang='lat' dir='ltr'><strong>huno</strong></span> <span class='ocrx_word' id='word_1_196' title='bbox 1038 2482 1112 2532; x_wconf 85' lang='lat' dir='ltr'><strong>illum</strong></span> <span class='ocrx_word' id='word_1_197' title='bbox 1129 2497 1251 2546; x_wconf 86' lang='lat' dir='ltr'><strong>superare,</strong></span> 
     </span>
     <span class='ocr_line' id='line_1_23' title="bbox 122 2560 1252 2629; baseline -0.004 -17"><span class='ocrx_word' id='word_1_198' title='bbox 122 2563 205 2612; x_wconf 82' lang='lat' dir='ltr'><strong>addita</strong></span> <span class='ocrx_word' id='word_1_199' title='bbox 229 2567 311 2613; x_wconf 86' lang='lat' dir='ltr'><strong>tamen</strong></span> <span class='ocrx_word' id='word_1_200' title='bbox 336 2578 365 2614; x_wconf 89' lang='lat' dir='ltr'><strong>ea</strong></span> <span class='ocrx_word' id='word_1_201' title='bbox 388 2566 555 2626; x_wconf 76' lang='lat' dir='ltr'>restrictione,</span> <span class='ocrx_word' id='word_1_202' title='bbox 583 2569 611 2614; x_wconf 84' lang='lat' dir='ltr'><strong>ut</strong></span> <span class='ocrx_word' id='word_1_203' title='bbox 635 2564 805 2629; x_wconf 77' lang='lat' dir='ltr'><strong>Thucydidem</strong></span> <span class='ocrx_word' id='word_1_204' title='bbox 821 2562 923 2613; x_wconf 77' lang='lat' dir='ltr'>subinde</span> <span class='ocrx_word' id='word_1_205' title='bbox 940 2560 1104 2611; x_wconf 70' lang='lat' dir='ltr'><strong>obscuriorem</strong></span> <span class='ocrx_word' id='word_1_206' title='bbox 1121 2576 1176 2612; x_wconf 85' lang='lat' dir='ltr'><strong>esee</strong></span> <span class='ocrx_word' id='word_1_207' title='bbox 1191 2561 1252 2610; x_wconf 85' lang='lat' dir='ltr'><strong>dicat.</strong></span> 
     </span>
     <span class='ocr_line' id='line_1_24' title="bbox 122 2640 1251 2708; baseline -0.002 -18"><span class='ocrx_word' id='word_1_208' title='bbox 122 2640 255 2706; x_wconf 88' lang='lat' dir='ltr'><strong>Postquam</strong></span> <span class='ocrx_word' id='word_1_209' title='bbox 278 2643 337 2692; x_wconf 89' lang='lat' dir='ltr'><strong>haec</strong></span> <span class='ocrx_word' id='word_1_210' title='bbox 352 2644 493 2708; x_wconf 72' lang='lat' dir='ltr'><strong>scripseram</strong></span> <span class='ocrx_word' id='word_1_211' title='bbox 510 2645 575 2707; x_wconf 89' lang='lat' dir='ltr'><strong>vidi,</strong></span> <span class='ocrx_word' id='word_1_212' title='bbox 592 2659 642 2694; x_wconf 89' lang='lat' dir='ltr'><strong>non</strong></span> <span class='ocrx_word' id='word_1_213' title='bbox 658 2644 765 2693; x_wconf 86' lang='lat' dir='ltr'><strong>multum</strong></span> <span class='ocrx_word' id='word_1_214' title='bbox 782 2659 797 2691; x_wconf 88' lang='lat' dir='ltr'><strong>a</strong></span> <span class='ocrx_word' id='word_1_215' title='bbox 813 2641 976 2691; x_wconf 80' lang='lat' dir='ltr'><strong>reseratione</strong></span> <span class='ocrx_word' id='word_1_216' title='bbox 992 2640 1132 2702; x_wconf 71' lang='lat' dir='ltr'><strong>discrepare</strong></span> <span class='ocrx_word' id='word_1_217' title='bbox 1150 2640 1251 2703; x_wconf 78' lang='lat' dir='ltr'><strong>Kruege·</strong></span> 
     </span>
     <span class='ocr_line' id='line_1_25' title="bbox 121 2717 1252 2784; baseline 0 -17"><span class='ocrx_word' id='word_1_218' title='bbox 121 2734 191 2781; x_wconf 87' lang='lat' dir='ltr'><strong>rum,</strong></span> <span class='ocrx_word' id='word_1_219' title='bbox 207 2723 249 2784; x_wconf 91' lang='lat' dir='ltr'><strong>qui</strong></span> <span class='ocrx_word' id='word_1_220' title='bbox 265 2722 338 2771; x_wconf 87' lang='lat' dir='ltr'><strong>etiam</strong></span> <span class='ocrx_word' id='word_1_221' title='bbox 355 2723 442 2784; x_wconf 80' lang='grc' dir='ltr'>ἥττων</span> <span class='ocrx_word' id='word_1_222' title='bbox 458 2723 498 2771; x_wconf 87' lang='lat' dir='ltr'><strong>vel</strong></span> <span class='ocrx_word' id='word_1_223' title='bbox 515 2723 630 2773; x_wconf 79' lang='grc' dir='ltr'>ἐλάττων</span> <span class='ocrx_word' id='word_1_224' title='bbox 646 2721 778 2770; x_wconf 86' lang='lat' dir='ltr'><strong>desiderari</strong></span> <span class='ocrx_word' id='word_1_225' title='bbox 794 2725 899 2769; x_wconf 88' lang='lat' dir='ltr'><strong>moneat.</strong></span> <span class='ocrx_word' id='word_1_226' title='bbox 920 2717 994 2767; x_wconf 88' lang='lat' dir='ltr'><strong>Recte</strong></span> <span class='ocrx_word' id='word_1_227' title='bbox 1014 2722 1098 2768; x_wconf 85' lang='lat' dir='ltr'><strong>tamen</strong></span> <span class='ocrx_word' id='word_1_228' title='bbox 1112 2733 1154 2768; x_wconf 92' lang='lat' dir='ltr'><strong>me</strong></span> <span class='ocrx_word' id='word_1_229' title='bbox 1165 2719 1252 2780; x_wconf 82' lang='lat' dir='ltr'><strong>insuper</strong></span> 
     </span>
     <span class='ocr_line' id='line_1_26' title="bbox 124 2797 1253 2865; baseline -0.002 -19"><span class='ocrx_word' id='word_1_230' title='bbox 124 2798 245 2849; x_wconf 74' lang='lat' dir='ltr'><strong>addidisse</strong></span> <span class='ocrx_word' id='word_1_231' title='bbox 270 2799 415 2863; x_wconf 76' lang='lat' dir='ltr'><strong>particulam</strong></span> <span class='ocrx_word' id='word_1_232' title='bbox 442 2818 482 2865; x_wconf 83' lang='grc' dir='ltr'><strong>γε,</strong></span> <span class='ocrx_word' id='word_1_233' title='bbox 499 2800 583 2851; x_wconf 87' lang='lat' dir='ltr'><strong>nullus</strong></span> <span class='ocrx_word' id='word_1_234' title='bbox 600 2799 690 2850; x_wconf 85' lang='lat' dir='ltr'><strong>dubito.</strong></span> <span class='ocrx_word' id='word_1_235' title='bbox 725 2797 784 2848; x_wconf 82' lang='lat' dir='ltr'><strong>Mox</strong></span> <span class='ocrx_word' id='word_1_236' title='bbox 801 2799 904 2848; x_wconf 83' lang='lat' dir='ltr'><strong>absurde</strong></span> <span class='ocrx_word' id='word_1_237' title='bbox 920 2798 1075 2848; x_wconf 79' lang='grc' dir='ltr'>συνίσταται</span> <span class='ocrx_word' id='word_1_238' title='bbox 1090 2800 1195 2847; x_wconf 84' lang='lat' dir='ltr'><strong>vertunt</strong></span> <span class='ocrx_word' id='word_1_239' title='bbox 1209 2811 1253 2845; x_wconf 81' lang='lat' dir='ltr'><strong>een·</strong></span> 
     </span>
     <span class='ocr_line' id='line_1_27' title="bbox 123 2872 1252 2941; baseline -0.004 -15"><span class='ocrx_word' id='word_1_240' title='bbox 123 2879 251 2941; x_wconf 69' lang='lat' dir='ltr'><strong>scitarier,</strong></span> <span class='ocrx_word' id='word_1_241' title='bbox 268 2879 327 2929; x_wconf 90' lang='lat' dir='ltr'><strong>dum</strong></span> <span class='ocrx_word' id='word_1_242' title='bbox 344 2877 367 2927; x_wconf 89' lang='lat' dir='ltr'><strong>h.</strong></span> <span class='ocrx_word' id='word_1_243' title='bbox 384 2878 399 2926; x_wconf 89' lang='lat' dir='ltr'><strong>l.</strong></span> <span class='ocrx_word' id='word_1_244' title='bbox 416 2875 538 2941; x_wconf 81' lang='lat' dir='ltr'><strong>significat</strong></span> <span class='ocrx_word' id='word_1_245' title='bbox 555 2878 733 2927; x_wconf 80' lang='lat' dir='ltr'><strong>commendatur.</strong></span> <span class='ocrx_word' id='word_1_246' title='bbox 757 2875 882 2925; x_wconf 79' lang='lat' dir='ltr'><strong>Vocabula</strong></span> <span class='ocrx_word' id='word_1_247' title='bbox 892 2879 974 2924; x_wconf 86' lang='lat' dir='ltr'><strong>autem</strong></span> <span class='ocrx_word' id='word_1_248' title='bbox 986 2875 1037 2933; x_wconf 81' lang='grc' dir='ltr'><strong>τὴν</strong></span> <span class='ocrx_word' id='word_1_249' title='bbox 1047 2873 1148 2939; x_wconf 81' lang='grc' dir='ltr'>ἀρετήν</span> <span class='ocrx_word' id='word_1_250' title='bbox 1158 2872 1252 2932; x_wconf 87' lang='lat' dir='ltr'><strong>inclusi;</strong></span> 
     </span>
     <span class='ocr_line' id='line_1_28' title="bbox 122 2954 817 3019; baseline 0.001 -15"><span class='ocrx_word' id='word_1_251' title='bbox 122 2970 180 3005; x_wconf 85' lang='lat' dir='ltr'><strong>uam</strong></span> <span class='ocrx_word' id='word_1_252' title='bbox 195 2958 260 3006; x_wconf 87' lang='lat' dir='ltr'><strong>mals</strong></span> <span class='ocrx_word' id='word_1_253' title='bbox 275 2971 351 3005; x_wconf 88' lang='lat' dir='ltr'><strong>manu</strong></span> <span class='ocrx_word' id='word_1_254' title='bbox 367 2956 450 3005; x_wconf 81' lang='lat' dir='ltr'><strong>addita</strong></span> <span class='ocrx_word' id='word_1_255' title='bbox 466 2971 517 3005; x_wconf 87' lang='lat' dir='ltr'><strong>esse</strong></span> <span class='ocrx_word' id='word_1_256' title='bbox 533 2954 585 3019; x_wconf 90' lang='lat' dir='ltr'><strong>ipso</strong></span> <span class='ocrx_word' id='word_1_257' title='bbox 601 2955 655 3005; x_wconf 88' lang='lat' dir='ltr'><strong>loeo</strong></span> <span class='ocrx_word' id='word_1_258' title='bbox 671 2958 817 3018; x_wconf 80' lang='lat' dir='ltr'><strong>arguuntur.</strong></span> 
     </span>
    </p>

    <p class='ocr_par' dir='ltr' id='par_1_6' title="bbox 156 3031 1130 3098">
     <span class='ocr_line' id='line_1_29' title="bbox 156 3031 1130 3098; baseline -0.005 -16"><span class='ocrx_word' id='word_1_259' title='bbox 156 3031 193 3096; x_wconf 83' lang='grc'><strong>(2)</strong></span> <span class='ocrx_word' id='word_1_260' title='bbox 227 3033 309 3097; x_wconf 84' lang='lat' dir='ltr'>Vulgo</span> <span class='ocrx_word' id='word_1_261' title='bbox 326 3034 359 3082; x_wconf 86' lang='grc' dir='ltr'><strong>τὰ</strong></span> <span class='ocrx_word' id='word_1_262' title='bbox 374 3036 397 3098; x_wconf 85' lang='grc' dir='ltr'>γ’</span> <span class='ocrx_word' id='word_1_263' title='bbox 411 3034 470 3092; x_wconf 65' lang='grc' dir='ltr'><strong>ἢθη.</strong></span> <span class='ocrx_word' id='word_1_264' title='bbox 505 3032 591 3082; x_wconf 80' lang='lat' dir='ltr'><strong>Deleri</strong></span> <span class='ocrx_word' id='word_1_265' title='bbox 606 3031 767 3094; x_wconf 73' lang='lat' dir='ltr'><strong>paniculum,</strong></span> <span class='ocrx_word' id='word_1_266' title='bbox 788 3032 857 3081; x_wconf 89' lang='lat' dir='ltr'><strong>cuius</strong></span> <span class='ocrx_word' id='word_1_267' title='bbox 872 3032 896 3081; x_wconf 89' lang='lat' dir='ltr'><strong>h.</strong></span> <span class='ocrx_word' id='word_1_268' title='bbox 913 3032 928 3081; x_wconf 95' lang='lat' dir='ltr'><strong>l.</strong></span> <span class='ocrx_word' id='word_1_269' title='bbox 947 3031 985 3081; x_wconf 90' lang='lat' dir='ltr'><strong>vis</strong></span> <span class='ocrx_word' id='word_1_270' title='bbox 1000 3031 1070 3081; x_wconf 83' lang='lat' dir='ltr'><strong>nulla</strong></span> <span class='ocrx_word' id='word_1_271' title='bbox 1086 3035 1130 3082; x_wconf 83' lang='lat' dir='ltr'><strong>cst.</strong></span> 
     </span>
    </p>

    <p class='ocr_par' dir='ltr' id='par_1_7' title="bbox 121 3109 1253 3253">
     <span class='ocr_line' id='line_1_30' title="bbox 156 3109 1253 3176; baseline -0.003 -18"><span class='ocrx_word' id='word_1_272' title='bbox 156 3110 192 3176; x_wconf 85' lang='grc'><strong>(3)</strong></span> <span class='ocrx_word' id='word_1_273' title='bbox 226 3112 347 3174; x_wconf 81' lang='lat' dir='ltr'><strong>Kruegeri</strong></span> <span class='ocrx_word' id='word_1_274' title='bbox 371 3109 481 3172; x_wconf 79' lang='lat' dir='ltr'><strong>exemplo</strong></span> <span class='ocrx_word' id='word_1_275' title='bbox 506 3109 587 3159; x_wconf 86' lang='lat' dir='ltr'><strong>delevi</strong></span> <span class='ocrx_word' id='word_1_276' title='bbox 608 3110 852 3172; x_wconf 82' lang='lat' dir='ltr'><strong>interpretamentum</strong></span> <span class='ocrx_word' id='word_1_277' title='bbox 876 3110 977 3174; x_wconf 72' lang='lat' dir='ltr'><strong>ciperet,</strong></span> <span class='ocrx_word' id='word_1_278' title='bbox 1001 3109 1068 3173; x_wconf 88' lang='lat' dir='ltr'><strong>quod</strong></span> <span class='ocrx_word' id='word_1_279' title='bbox 1085 3109 1154 3159; x_wconf 87' lang='lat' dir='ltr'><strong>codd.</strong></span> <span class='ocrx_word' id='word_1_280' title='bbox 1172 3109 1253 3161; x_wconf 78' lang='lat' dir='ltr'><strong>habeut</strong></span> 
     </span>
     <span class='ocr_line' id='line_1_31' title="bbox 121 3189 443 3253; baseline 0.003 -17"><span class='ocrx_word' id='word_1_281' title='bbox 121 3194 176 3251; x_wconf 92' lang='lat' dir='ltr'><strong>post</strong></span> <span class='ocrx_word' id='word_1_282' title='bbox 191 3204 242 3239; x_wconf 84' lang='lat' dir='ltr'><strong>voc.</strong></span> <span class='ocrx_word' id='word_1_283' title='bbox 260 3193 308 3249; x_wconf 82' lang='grc' dir='ltr'><strong>τῆς</strong></span> <span class='ocrx_word' id='word_1_284' title='bbox 324 3189 443 3253; x_wconf 82' lang='grc' dir='ltr'>φράσεως.</span> 
     </span>
    </p>

    <p class='ocr_par' dir='ltr' id='par_1_8' title="bbox 157 3265 523 3331">
     <span class='ocr_line' id='line_1_32' title="bbox 157 3265 523 3331; baseline -0.003 -15"><span class='ocrx_word' id='word_1_285' title='bbox 157 3265 193 3331; x_wconf 87' lang='grc'><strong>(4)</strong></span> <span class='ocrx_word' id='word_1_286' title='bbox 226 3266 273 3330; x_wconf 78' lang='grc' dir='ltr'><strong>μίν</strong></span> <span class='ocrx_word' id='word_1_287' title='bbox 289 3266 371 3318; x_wconf 89' lang='lat' dir='ltr'><strong>addidi</strong></span> <span class='ocrx_word' id='word_1_288' title='bbox 387 3266 440 3315; x_wconf 89' lang='lat' dir='ltr'><strong>siue</strong></span> <span class='ocrx_word' id='word_1_289' title='bbox 457 3266 523 3316; x_wconf 84' lang='lat' dir='ltr'><strong>codd</strong></span> 
     </span>
    </p>

    <p class='ocr_par' dir='ltr' id='par_1_9' title="bbox 123 3341 1257 3958">
     <span class='ocr_line' id='line_1_33' title="bbox 157 3341 1254 3410; baseline -0.001 -18"><span class='ocrx_word' id='word_1_290' title='bbox 157 3346 194 3410; x_wconf 79' lang='grc'><strong>(5)</strong></span> <span class='ocrx_word' id='word_1_291' title='bbox 227 3344 340 3397; x_wconf 82' lang='lat' dir='ltr'><strong>Reiskius</strong></span> <span class='ocrx_word' id='word_1_292' title='bbox 358 3347 409 3396; x_wconf 90' lang='lat' dir='ltr'><strong>iure</strong></span> <span class='ocrx_word' id='word_1_293' title='bbox 427 3346 526 3410; x_wconf 85' lang='lat' dir='ltr'><strong>opinor,</strong></span> <span class='ocrx_word' id='word_1_294' title='bbox 543 3344 661 3409; x_wconf 87' lang='lat' dir='ltr'><strong>quidquid</strong></span> <span class='ocrx_word' id='word_1_295' title='bbox 673 3346 738 3394; x_wconf 83' lang='lat' dir='ltr'><strong>dicat</strong></span> <span class='ocrx_word' id='word_1_296' title='bbox 754 3345 908 3407; x_wconf 81' lang='lat' dir='ltr'><strong>Kruegerus,</strong></span> <span class='ocrx_word' id='word_1_297' title='bbox 925 3342 1051 3393; x_wconf 86' lang='lat' dir='ltr'><strong>offendens</strong></span> <span class='ocrx_word' id='word_1_298' title='bbox 1068 3343 1096 3394; x_wconf 88' lang='lat' dir='ltr'><strong>in</strong></span> <span class='ocrx_word' id='word_1_299' title='bbox 1112 3341 1254 3404; x_wconf 74' lang='lat' dir='ltr'><strong>tautologia,</strong></span> 
     </span>
     <span class='ocr_line' id='line_1_34' title="bbox 123 3419 1255 3486; baseline -0.003 -16"><span class='ocrx_word' id='word_1_300' title='bbox 123 3423 283 3486; x_wconf 80' lang='lat' dir='ltr'><strong>expungenda</strong></span> <span class='ocrx_word' id='word_1_301' title='bbox 298 3428 370 3486; x_wconf 84' lang='lat' dir='ltr'><strong>putat</strong></span> <span class='ocrx_word' id='word_1_302' title='bbox 386 3423 501 3476; x_wconf 85' lang='lat' dir='ltr'><strong>vocabula</strong></span> <span class='ocrx_word' id='word_1_303' title='bbox 520 3429 571 3474; x_wconf 81' lang='grc' dir='ltr'><strong>τῶν</strong></span> <span class='ocrx_word' id='word_1_304' title='bbox 587 3423 726 3482; x_wconf 78' lang='grc' dir='ltr'>ὀνομάτων.</span> <span class='ocrx_word' id='word_1_305' title='bbox 763 3421 827 3470; x_wconf 83' lang='lat' dir='ltr'><strong>Mihi</strong></span> <span class='ocrx_word' id='word_1_306' title='bbox 849 3423 932 3483; x_wconf 83' lang='lat' dir='ltr'><strong>petius</strong></span> <span class='ocrx_word' id='word_1_307' title='bbox 944 3425 991 3479; x_wconf 75' lang='grc' dir='ltr'><strong>τῆς</strong></span> <span class='ocrx_word' id='word_1_308' title='bbox 1003 3421 1119 3484; x_wconf 81' lang='grc' dir='ltr'>φράσεως</span> <span class='ocrx_word' id='word_1_309' title='bbox 1130 3419 1255 3469; x_wconf 83' lang='lat' dir='ltr'><strong>delendum</strong></span> 
     </span>
     <span class='ocr_line' id='line_1_35' title="bbox 123 3496 1255 3566; baseline -0.006 -17"><span class='ocrx_word' id='word_1_310' title='bbox 123 3500 234 3560; x_wconf 83' lang='lat' dir='ltr'><strong>videtur,</strong></span> <span class='ocrx_word' id='word_1_311' title='bbox 257 3503 344 3566; x_wconf 84' lang='lat' dir='ltr'><strong>quippe</strong></span> <span class='ocrx_word' id='word_1_312' title='bbox 370 3502 500 3564; x_wconf 89' lang='lat' dir='ltr'><strong>repetitum</strong></span> <span class='ocrx_word' id='word_1_313' title='bbox 527 3517 540 3550; x_wconf 91' lang='lat' dir='ltr'><strong>e</strong></span> <span class='ocrx_word' id='word_1_314' title='bbox 565 3500 689 3564; x_wconf 84' lang='lat' dir='ltr'><strong>superiore</strong></span> <span class='ocrx_word' id='word_1_315' title='bbox 716 3498 820 3561; x_wconf 88' lang='lat' dir='ltr'><strong>periodo.</strong></span> <span class='ocrx_word' id='word_1_316' title='bbox 858 3496 929 3551; x_wconf 74' lang='lat' dir='ltr'><strong>Quod</strong></span> <span class='ocrx_word' id='word_1_317' title='bbox 952 3498 1109 3562; x_wconf 86' lang='lat' dir='ltr'><strong>aliquatenus</strong></span> <span class='ocrx_word' id='word_1_318' title='bbox 1132 3496 1255 3546; x_wconf 81' lang='lat' dir='ltr'><strong>confirmat</strong></span> 
     </span>
     <span class='ocr_line' id='line_1_36' title="bbox 124 3574 1257 3642; baseline -0.003 -16"><span class='ocrx_word' id='word_1_319' title='bbox 124 3578 202 3629; x_wconf 81' lang='lat' dir='ltr'><strong>codex</strong></span> <span class='ocrx_word' id='word_1_320' title='bbox 226 3578 262 3641; x_wconf 85' lang='lat' dir='ltr'><strong>P,</strong></span> <span class='ocrx_word' id='word_1_321' title='bbox 287 3581 328 3642; x_wconf 91' lang='lat' dir='ltr'><strong>qui</strong></span> <span class='ocrx_word' id='word_1_322' title='bbox 353 3579 378 3628; x_wconf 82' lang='lat' dir='ltr'><strong>di</strong></span> <span class='ocrx_word' id='word_1_323' title='bbox 404 3580 497 3628; x_wconf 80' lang='lat' dir='ltr'><strong>omittit</strong></span> <span class='ocrx_word' id='word_1_324' title='bbox 520 3582 576 3642; x_wconf 85' lang='lat' dir='ltr'><strong>post</strong></span> <span class='ocrx_word' id='word_1_325' title='bbox 594 3583 647 3639; x_wconf 82' lang='grc' dir='ltr'>τῆς.</span> <span class='ocrx_word' id='word_1_326' title='bbox 681 3577 768 3626; x_wconf 81' lang='lat' dir='ltr'><strong>Noluit</strong></span> <span class='ocrx_word' id='word_1_327' title='bbox 785 3581 868 3626; x_wconf 88' lang='lat' dir='ltr'><strong>autem</strong></span> <span class='ocrx_word' id='word_1_328' title='bbox 885 3575 1019 3640; x_wconf 83' lang='lat' dir='ltr'><strong>Dionysius</strong></span> <span class='ocrx_word' id='word_1_329' title='bbox 1035 3574 1072 3624; x_wconf 88' lang='lat' dir='ltr'><strong>bis</strong></span> <span class='ocrx_word' id='word_1_330' title='bbox 1090 3575 1176 3625; x_wconf 87' lang='lat' dir='ltr'><strong>eodem</strong></span> <span class='ocrx_word' id='word_1_331' title='bbox 1192 3588 1257 3624; x_wconf 79' lang='lat' dir='ltr'><strong>soca·</strong></span> 
     </span>
     <span class='ocr_line' id='line_1_37' title="bbox 124 3652 1255 3722; baseline -0.007 -16"><span class='ocrx_word' id='word_1_332' title='bbox 124 3656 181 3706; x_wconf 88' lang='lat' dir='ltr'><strong>bulo</strong></span> <span class='ocrx_word' id='word_1_333' title='bbox 203 3657 254 3720; x_wconf 84' lang='lat' dir='ltr'><strong>uti,</strong></span> <span class='ocrx_word' id='word_1_334' title='bbox 271 3674 346 3722; x_wconf 88' lang='lat' dir='ltr'><strong>quare</strong></span> <span class='ocrx_word' id='word_1_335' title='bbox 362 3674 427 3707; x_wconf 91' lang='lat' dir='ltr'><strong>nunc</strong></span> <span class='ocrx_word' id='word_1_336' title='bbox 444 3664 496 3709; x_wconf 82' lang='grc' dir='ltr'><strong>τῶν</strong></span> <span class='ocrx_word' id='word_1_337' title='bbox 512 3658 644 3721; x_wconf 82' lang='grc' dir='ltr'>ὀνομάτων</span> <span class='ocrx_word' id='word_1_338' title='bbox 662 3657 779 3720; x_wconf 84' lang='lat' dir='ltr'><strong>appellat,</strong></span> <span class='ocrx_word' id='word_1_339' title='bbox 801 3658 868 3721; x_wconf 81' lang='lat' dir='ltr'><strong>quod</strong></span> <span class='ocrx_word' id='word_1_340' title='bbox 884 3657 957 3706; x_wconf 87' lang='lat' dir='ltr'><strong>modo</strong></span> <span class='ocrx_word' id='word_1_341' title='bbox 969 3659 1016 3715; x_wconf 79' lang='grc' dir='ltr'><strong>τῆς</strong></span> <span class='ocrx_word' id='word_1_342' title='bbox 1032 3653 1148 3718; x_wconf 84' lang='grc' dir='ltr'>φράσεως</span> <span class='ocrx_word' id='word_1_343' title='bbox 1160 3652 1255 3702; x_wconf 79' lang='lat' dir='ltr'><strong>dixerat.</strong></span> 
     </span>
     <span class='ocr_line' id='line_1_38' title="bbox 124 3731 1256 3801; baseline -0.005 -18"><span class='ocrx_word' id='word_1_344' title='bbox 124 3733 234 3797; x_wconf 87' lang='lat' dir='ltr'><strong>Repudio</strong></span> <span class='ocrx_word' id='word_1_345' title='bbox 263 3736 328 3784; x_wconf 89' lang='lat' dir='ltr'><strong>enim</strong></span> <span class='ocrx_word' id='word_1_346' title='bbox 343 3751 423 3801; x_wconf 86' lang='lat' dir='ltr'><strong>nunc,</strong></span> <span class='ocrx_word' id='word_1_347' title='bbox 440 3737 506 3800; x_wconf 88' lang='lat' dir='ltr'><strong>quod</strong></span> <span class='ocrx_word' id='word_1_348' title='bbox 522 3736 653 3799; x_wconf 88' lang='lat' dir='ltr'><strong>aliquando</strong></span> <span class='ocrx_word' id='word_1_349' title='bbox 670 3736 731 3784; x_wconf 86' lang='lat' dir='ltr'><strong>mihi</strong></span> <span class='ocrx_word' id='word_1_350' title='bbox 748 3735 859 3785; x_wconf 88' lang='lat' dir='ltr'><strong>venitin</strong></span> <span class='ocrx_word' id='word_1_351' title='bbox 876 3738 995 3784; x_wconf 88' lang='lat' dir='ltr'><strong>mentem:</strong></span> <span class='ocrx_word' id='word_1_352' title='bbox 1017 3737 1065 3791; x_wconf 82' lang='grc' dir='ltr'><strong>τῆς</strong></span> <span class='ocrx_word' id='word_1_353' title='bbox 1081 3731 1102 3780; x_wconf 79' lang='grc' dir='ltr'><strong>δ’</strong></span> <span class='ocrx_word' id='word_1_354' title='bbox 1121 3731 1256 3796; x_wconf 64' lang='lat' dir='ltr'><strong>{copiosor</strong></span> 
     </span>
     <span class='ocr_line' id='line_1_39' title="bbox 128 3809 1257 3880; baseline -0.005 -16"><span class='ocrx_word' id='word_1_355' title='bbox 128 3820 182 3866; x_wconf 82' lang='grc' dir='ltr'><strong>τῶν</strong></span> <span class='ocrx_word' id='word_1_356' title='bbox 209 3815 386 3880; x_wconf 83' lang='grc' dir='ltr'>νοημάτων,</span> <span class='ocrx_word' id='word_1_357' title='bbox 421 3814 472 3864; x_wconf 86' lang='grc' dir='ltr'><strong>Νοο</strong></span> <span class='ocrx_word' id='word_1_358' title='bbox 499 3815 577 3878; x_wconf 80' lang='lat' dir='ltr'><strong>magis</strong></span> <span class='ocrx_word' id='word_1_359' title='bbox 604 3831 688 3866; x_wconf 83' lang='lat' dir='ltr'><strong>veram</strong></span> <span class='ocrx_word' id='word_1_360' title='bbox 711 3818 771 3878; x_wconf 89' lang='lat' dir='ltr'><strong>puto</strong></span> <span class='ocrx_word' id='word_1_361' title='bbox 790 3813 883 3864; x_wconf 75' lang='lat' dir='ltr'><strong>Reislsii</strong></span> <span class='ocrx_word' id='word_1_362' title='bbox 898 3813 1075 3875; x_wconf 66' lang='lat' dir='ltr'><strong>suspicionem:</strong></span> <span class='ocrx_word' id='word_1_363' title='bbox 1094 3811 1142 3870; x_wconf 80' lang='grc' dir='ltr'><strong>τῆς</strong></span> <span class='ocrx_word' id='word_1_364' title='bbox 1158 3809 1184 3860; x_wconf 78' lang='grc' dir='ltr'><strong>δὲ</strong></span> <span class='ocrx_word' id='word_1_365' title='bbox 1199 3809 1257 3875; x_wconf 63' lang='lat' dir='ltr'><strong>cori·</strong></span> 
     </span>
     <span class='ocr_line' id='line_1_40' title="bbox 129 3896 488 3958; baseline -0.011 -13"><span class='ocrx_word' id='word_1_366' title='bbox 129 3913 191 3954; x_wconf 84' lang='grc' dir='ltr'>σευς</span> <span class='ocrx_word' id='word_1_367' title='bbox 207 3897 261 3946; x_wconf 77' lang='grc' dir='ltr'><strong>καῖ</strong></span> <span class='ocrx_word' id='word_1_368' title='bbox 279 3900 330 3945; x_wconf 83' lang='grc' dir='ltr'><strong>τῶν</strong></span> <span class='ocrx_word' id='word_1_369' title='bbox 345 3896 488 3958; x_wconf 77' lang='grc' dir='ltr'>ὀνομάτων.</span> 
     </span>
    </p>

    <p class='ocr_par' dir='ltr' id='par_1_10' title="bbox 129 3968 1259 4114">
     <span class='ocr_line' id='line_1_41' title="bbox 163 3968 1259 4040; baseline -0.006 -17"><span class='ocrx_word' id='word_1_370' title='bbox 163 3972 200 4040; x_wconf 88' lang='grc'><strong>(6)</strong></span> <span class='ocrx_word' id='word_1_371' title='bbox 234 3974 351 4036; x_wconf 83' lang='lat' dir='ltr'><strong>Expunsi</strong></span> <span class='ocrx_word' id='word_1_372' title='bbox 367 3973 533 4035; x_wconf 85' lang='lat' dir='ltr'><strong>importunum</strong></span> <span class='ocrx_word' id='word_1_373' title='bbox 555 3972 687 4038; x_wconf 82' lang='lat' dir='ltr'><strong>emblema,</strong></span> <span class='ocrx_word' id='word_1_374' title='bbox 712 3975 818 4038; x_wconf 86' lang='lat' dir='ltr'><strong>petitum</strong></span> <span class='ocrx_word' id='word_1_375' title='bbox 834 3989 847 4022; x_wconf 90' lang='lat' dir='ltr'><strong>e</strong></span> <span class='ocrx_word' id='word_1_376' title='bbox 863 3989 911 4037; x_wconf 85' lang='lat' dir='ltr'><strong>sqq.</strong></span> <span class='ocrx_word' id='word_1_377' title='bbox 949 3970 1018 4019; x_wconf 89' lang='lat' dir='ltr'><strong>Idem</strong></span> <span class='ocrx_word' id='word_1_378' title='bbox 1035 3969 1083 4018; x_wconf 87' lang='lat' dir='ltr'><strong>iam</strong></span> <span class='ocrx_word' id='word_1_379' title='bbox 1100 3968 1166 4020; x_wconf 79' lang='lat' dir='ltr'><strong>vidit</strong></span> <span class='ocrx_word' id='word_1_380' title='bbox 1187 3968 1259 4017; x_wconf 87' lang='lat' dir='ltr'><strong>Kruc·</strong></span> 
     </span>
     <span class='ocr_line' id='line_1_42' title="bbox 129 4067 208 4114; baseline 0.025 -13"><span class='ocrx_word' id='word_1_381' title='bbox 129 4067 208 4114; x_wconf 75' lang='lat' dir='ltr'><strong>geres.</strong></span> 
     </span>
    </p>

    <p class='ocr_par' dir='ltr' id='par_1_11' title="bbox 163 4129 815 4199">
     <span class='ocr_line' id='line_1_43' title="bbox 163 4129 815 4199; baseline 0.002 -19"><span class='ocrx_word' id='word_1_382' title='bbox 163 4133 199 4199; x_wconf 84' lang='grc'><strong>(7)</strong></span> <span class='ocrx_word' id='word_1_383' title='bbox 233 4130 336 4192; x_wconf 79' lang='lat' dir='ltr'><strong>Deleri,</strong></span> <span class='ocrx_word' id='word_1_384' title='bbox 353 4132 395 4195; x_wconf 90' lang='lat' dir='ltr'><strong>qui</strong></span> <span class='ocrx_word' id='word_1_385' title='bbox 411 4132 487 4194; x_wconf 82' lang='lat' dir='ltr'><strong>vulgo</strong></span> <span class='ocrx_word' id='word_1_386' title='bbox 503 4129 660 4195; x_wconf 84' lang='lat' dir='ltr'><strong>adscribitur,</strong></span> <span class='ocrx_word' id='word_1_387' title='bbox 678 4131 815 4182; x_wconf 86' lang='lat' dir='ltr'><strong>articulum.</strong></span> 
     </span>
    </p>

    <p class='ocr_par' dir='ltr' id='par_1_12' title="bbox 163 4209 500 4278">
     <span class='ocr_line' id='line_1_44' title="bbox 163 4209 500 4278; baseline -0.003 -17"><span class='ocrx_word' id='word_1_388' title='bbox 163 4211 200 4278; x_wconf 91' lang='grc'><strong>(8)</strong></span> <span class='ocrx_word' id='word_1_389' title='bbox 235 4211 275 4260; x_wconf 87' lang='lat' dir='ltr'><strong>Ita</strong></span> <span class='ocrx_word' id='word_1_390' title='bbox 289 4211 400 4272; x_wconf 86' lang='lat' dir='ltr'><strong>rescripsi</strong></span> <span class='ocrx_word' id='word_1_391' title='bbox 415 4226 459 4272; x_wconf 89' lang='lat' dir='ltr'><strong>pro</strong></span> <span class='ocrx_word' id='word_1_392' title='bbox 476 4209 500 4269; x_wconf 78' lang='grc' dir='ltr'><strong>ἤ.</strong></span> 
     </span>
    </p>

    <p class='ocr_par' dir='ltr' id='par_1_13' title="bbox 131 4279 1263 4434">
     <span class='ocr_line' id='line_1_45' title="bbox 164 4279 1263 4356; baseline -0.009 -17"><span class='ocrx_word' id='word_1_393' title='bbox 164 4289 200 4356; x_wconf 88' lang='grc'><strong>(9)</strong></span> <span class='ocrx_word' id='word_1_394' title='bbox 234 4288 309 4339; x_wconf 83' lang='lat' dir='ltr'><strong>Posui</strong></span> <span class='ocrx_word' id='word_1_395' title='bbox 325 4288 395 4352; x_wconf 82' lang='lat' dir='ltr'><strong>signs</strong></span> <span class='ocrx_word' id='word_1_396' title='bbox 411 4289 526 4348; x_wconf 79' lang='lat' dir='ltr'><strong>lacunae3</strong></span> <span class='ocrx_word' id='word_1_397' title='bbox 541 4301 598 4336; x_wconf 84' lang='lat' dir='ltr'><strong>nem</strong></span> <span class='ocrx_word' id='word_1_398' title='bbox 615 4301 656 4349; x_wconf 90' lang='lat' dir='ltr'><strong>ea,</strong></span> <span class='ocrx_word' id='word_1_399' title='bbox 674 4302 737 4352; x_wconf 88' lang='lat' dir='ltr'><strong>quae</strong></span> <span class='ocrx_word' id='word_1_400' title='bbox 753 4291 904 4352; x_wconf 85' lang='lat' dir='ltr'><strong>sequuntur,</strong></span> <span class='ocrx_word' id='word_1_401' title='bbox 921 4299 978 4334; x_wconf 89' lang='lat' dir='ltr'><strong>eum</strong></span> <span class='ocrx_word' id='word_1_402' title='bbox 988 4282 1196 4346; x_wconf 75' lang='lat' dir='ltr'><strong>praegressiones</strong></span> <span class='ocrx_word' id='word_1_403' title='bbox 1206 4279 1263 4330; x_wconf 83' lang='lat' dir='ltr'><strong>satis</strong></span> 
     </span>
     <span class='ocr_line' id='line_1_46' title="bbox 131 4359 1263 4434; baseline -0.009 -11"><span class='ocrx_word' id='word_1_404' title='bbox 131 4371 272 4432; x_wconf 85' lang='lat' dir='ltr'><strong>cohaerere,</strong></span> <span class='ocrx_word' id='word_1_405' title='bbox 289 4367 415 4434; x_wconf 84' lang='lat' dir='ltr'><strong>propalam</strong></span> <span class='ocrx_word' id='word_1_406' title='bbox 431 4372 474 4418; x_wconf 83' lang='lat' dir='ltr'><strong>est.</strong></span> <span class='ocrx_word' id='word_1_407' title='bbox 508 4367 612 4418; x_wconf 83' lang='lat' dir='ltr'><strong>Sensum</strong></span> <span class='ocrx_word' id='word_1_408' title='bbox 628 4369 710 4416; x_wconf 87' lang='lat' dir='ltr'><strong>autem</strong></span> <span class='ocrx_word' id='word_1_409' title='bbox 726 4381 827 4430; x_wconf 88' lang='lat' dir='ltr'><strong>eorum,</strong></span> <span class='ocrx_word' id='word_1_410' title='bbox 844 4379 906 4430; x_wconf 91' lang='lat' dir='ltr'><strong>quae</strong></span> <span class='ocrx_word' id='word_1_411' title='bbox 918 4361 1101 4425; x_wconf 83' lang='lat' dir='ltr'><strong>interciderint,</strong></span> <span class='ocrx_word' id='word_1_412' title='bbox 1113 4361 1181 4413; x_wconf 79' lang='lat' dir='ltr'><strong>hune</strong></span> <span class='ocrx_word' id='word_1_413' title='bbox 1191 4359 1263 4413; x_wconf 73' lang='lat' dir='ltr'><strong>fuisse</strong></span> 
     </span>
    </p>
   </div>
   <div class='ocr_carea' id='block_1_6' title="bbox 0 0 1394 5018">
    <p class='ocr_par' dir='ltr' id='par_1_14' title="bbox 0 0 1394 5018">
     <span class='ocr_line' id='line_1_47' title="bbox 0 0 1394 5018; baseline 0 0"><span class='ocrx_word' id='word_1_414' title='bbox 0 0 1394 5018; x_wconf 95' lang='lat' dir='ltr'><strong> </strong></span> 
     </span>
    </p>
   </div>
  </div>
 </body>
</html>
