2754 5018
598 273 638 341 51

62 467 206 543 πολλοῖς
241 470 303 532 ἐστι
335 467 374 529 τύ
404 466 429 528 τ’
462 466 670 550 ἀκραιφνὲς
693 465 741 525 καὶ
765 463 783 525 ὁ
807 456 1123 546 ἑπιλογισμὸςΗ)
1149 464 1197 524 καὶ

63 568 291 652 ὴπεριωπὴ
314 569 362 628 καὶ
386 566 405 640 ἡ
429 563 614 650 ἀνακωχὴ
629 559 667 642 (θ)
695 566 743 626 καὶ
765 561 804 625 τὰ
828 563 921 643 ὅμοια
943 565 1078 636 τούτοις.
1124 567 1198 626 Ποι·

63 667 152 743 ητικὰ
187 663 214 731 δ’
242 664 317 741 ἥτε
339 662 497 744 κωλύμη
520 667 569 728 καὶ
592 664 611 737 ὴ
634 656 946 747 πρέσβευσιςίύ)
973 665 1021 725 καὶ
1044 661 1064 735 ὴ
1088 687 1198 725 κατα-

61 763 201 852 βοὴ(ί)
226 769 274 830 καὶ
298 766 317 839 ἡ
342 759 540 849 ἀχθηδὼν
563 765 611 826 καὶ
634 763 654 836 ἡ
678 758 886 838 δικαίωσις
909 764 957 824 καὶ
980 758 1198 844 τὰπαραπλίη-

62 895 124 933 σια.
170 865 217 930 Ἡ.
245 862 271 930 δ’
304 867 337 929 ἐν
359 873 427 942 τοῖς
450 872 682 948 σχηματισμοῖς
703 864 849 940 καινότης
872 889 903 926 τε
926 866 975 926 καὶ
997 862 1211 945 πολυτροπία,

62 973 112 1033 καὶ
148 969 168 1042 ὴ
202 962 365 1051 ἐξαλλαγὴ
387 973 442 1039 τῆς
465 966 627 1036 συνήθους
651 965 818 1049 χρήσεως,
841 964 873 1026 ἐν
896 960 915 1048 ᾗ
936 963 1074 1044 μάλιστα
1095 958 1199 1048 διαφί-

60 1096 128 1153 ρειν
158 1068 255 1133 αὐτὸν
287 1068 449 1151 ἡγούμεθα
479 1070 543 1130 τῶν
577 1063 705 1143 ἄλλων,
735 1067 783 1129 ἐπὶ
816 1066 938 1129 τούτων
970 1068 1112 1149 γίγνεται
1133 1068 1198 1129 τῶν

62 1168 167 1256 ἕιινν
183 1165 221 1248 (er
246 1170 376 1253 φανερά·

498 1353 653 1430 CAPUT
705 1352 761 1428 IV.

97 1520 201 1587 Ὅταν
222 1527 278 1602 μὲν
302 1519 360 1586 οὖν
382 1525 456 1602 μίαν
479 1517 566 1594 λε’ἶιν
582 1519 633 1584 εἴτ’
650 1521 838 1600 ὀνοματικὴν
855 1519 911 1585 ε’ίτε
925 1517 1096 1604 ῥηματικὴν
1111 1521 1197 1587 πλεί-

63 1651 132 1690 οσιν
151 1625 190 1703 (ὅ)
227 1626 382 1704 ὀνόμασιν
414 1622 434 1698 ὴ
463 1621 602 1706 ῥήμασιν
632 1624 763 1708 ἐκφίρη,
795 1621 997 1707 περιφράζων
1019 1625 1077 1698 τὴν
1100 1623 1198 1699 αὐτὴν

62 1725 193 1800 νόησιν,
228 1725 375 1798 τοιαύτην
408 1730 490 1786 ποιεῖ
518 1723 576 1796 τὴν
598 1718 699 1796 λίξιν·
748 1720 832 1784 »Ἦν
854 1721 931 1806 γὰρ
955 1725 973 1786 ὁ
1001 1729 1196 1805 Θεμιστο-

61 1822 208 1904 κλῆςίί)
244 1822 492 1911 βεβαιότατα
525 1819 566 1896 δὴ
597 1824 749 1908 φύσεως
782 1823 899 1907 ἰσχὺν
932 1818 1111 1896 δηλώσας
1134 1828 1223 1916 καὶ.

60 1923 340 2011 διαφερόντως
372 1951 408 1988 τι
439 1927 476 1996 ἐς
505 1923 596 1987 αιίτὸ
630 1921 785 2004 μᾶλλον
809 1924 942 2006 ἑτίρου
965 1921 1085 1999 ι’ίξιος
1108 1921 1195 1990 θαν-

59 2024 215 2106 μίισαι.”
269 2028 329 2088 Καὶ
366 2025 430 2103 μὴν
462 2026 495 2086 ἐν
529 2027 573 2108 τῷ
605 2024 753 2106 ἐπιταφίῳ
782 2024 955 2106 γέγραφεν·
1010 2020 1117 2089 »Οὐδ’
1150 2025 1196 2090 αὖ

58 2123 151 2190 κατὰ
179 2125 335 2200 πενίαν,
363 2121 467 2207 ’ἔχων
498 2119 534 2187 δέ
555 2149 590 2185 τι
612 2122 776 2205 ἀγαθὸν
800 2117 942 2206 δρᾶσαι
964 2124 1033 2197 τὴν
1055 2123 1195 2202 πόλιν,

56 2222 294 2308 direptae-oc
328 2219 551 2308 ἀφανείφ(8)
584 2220 834 2287 κεκώλυται.”
880 2227 941 2287 Καὶ
970 2224 1034 2308 γὰρ
1065 2226 1098 2289 ἐν
1126 2228 1197 2290 τού·

53 2351 126 2399 τοις
149 2326 186 2390 τὸ
210 2325 441 2404 σημαινόμενον
464 2331 545 2386 ποιεῖ
566 2324 623 2386 τὸν
646 2321 751 2406 λόγον
766 2317 819 2402 (9),
849 2321 893 2396 ὡς
916 2325 962 2387 ἐπὶ
981 2328 1037 2386 τοῦ
1052 2321 1197 2389 Λακεδαι-

51 2427 174 2506 μονίου
198 2421 338 2510 Βρασίδα
361 2426 514 2499 τέθεικεν,
545 2425 596 2487 ὅτε
617 2424 802 2508 μαχόμενος
824 2427 894 2506 περ)
921 2421 1032 2486 Πύλου
1055 2424 1118 2488 ἀπὸ
1142 2434 1197 2500 τῆς

54 2524 142 2600 νεὼς
153 2569 163 2598 ,
186 2527 373 2608 τραυματίας
395 2526 568 2607 γενόμενος
590 2520 741 2596 ἐξέπεσεν.
778 2523 1000 2609 νΠεσύντος
1022 2517 1049 2586 δ’
1071 2522 1197 2599 αὐτοῦ,

53 2625 174 2707 φησίν,
203 2625 258 2698 εἰς
289 2625 359 2698 τὴν
381 2620 709 2708 παρεξειρεσίαν,
732 2620 751 2694 ὴ
775 2620 901 2692 αἰσπὶς
924 2623 1135 2704 περιερρύη
1158 2623 1196 2699 ἐς

54 2723 132 2798 τὴν
163 2718 483 2802 θύλασσαν(ίί)).”
529 2719 680 2786 Βούλεται
702 2720 766 2805 γὰρ
797 2715 937 2794 δηλοῦν·
972 2722 1147 2799 »πεσόντος
1170 2718 1197 2787 δ’

57 2878 224 2888 nunu——

90 2955 126 3021 (1)
162 2955 210 3007 Ite.
228 2957 306 3006 Puris.
326 2961 353 3020 l,
372 2958 403 3019 2,
420 2959 446 3005 et
460 2957 509 3005 mei
525 2954 618 3008 ABOL.
653 2955 736 3020 Vulgo
754 2953 942 3021 περιλογιαμός.

90 3033 126 3100 (2)
163 3035 231 3084 Libri
248 3034 377 3100 ἀνακωχὴ,
412 3035 449 3086 Of,
465 3033 670 3085 Velokeneerium
686 3037 717 3085 ed
734 3035 846 3085 Ammoru
864 3038 890 3098 1,
910 3038 939 3096 5,
957 3049 980 3097 p.
1000 3035 1039 3083 25.

89 3114 128 3180 (3)
163 3114 206 3165 Ita
221 3115 297 3167 Paris.
315 3118 330 3164 2
347 3120 372 3164 et
389 3115 470 3178 Colo,
488 3116 584 3180 meique
602 3131 684 3164 omnes
701 3130 746 3177 pro
762 3113 924 3179 πρεσβευσία.

89 3191 128 3260 (4)
162 3192 276 3244 EParie.
303 3195 426 3256 2reoepit
441 3193 583 3258 Kruegerus
598 3210 641 3257 pro
658 3193 801 3257 καταβολή.

88 3273 126 3339 (5)
161 3273 288 3324 Fortasse:
305 3273 332 3325 ἕο
350 3274 449 3324 τούτων
464 3275 579 3338 γίγνεται
596 3279 648 3323 τῶν
664 3272 944 3338 παραδειγμάτων
962 3269 1078 3337 φανερά)

88 3348 126 3416 (6)
160 3350 244 3414 Vulgo
272 3353 300 3401 ἐν
320 3353 443 3402 πλείοσιν.
477 3347 563 3400 Deleri
579 3351 783 3414 praepositionem
797 3355 881 3401 natam
897 3367 910 3401 e
927 3349 977 3400 fine
994 3348 1108 3401 vocabuli
1124 3363 1196 3411 pree·

55 3431 173 3480 cedentis„
208 3430 332 3479 vocabula
360 3432 407 3480 εἴτε
433 3428 577 3493 ῥηματικὴν
593 3445 675 3479 errore
692 3431 780 3480 omissa
795 3430 823 3479 in
838 3427 866 3481 B:
899 3428 1084 3493 Ὀνοματιιιὴν,
1100 3431 1129 3477 ut
1145 3425 1196 3490 pri·

56 3524 112 3558 mus
129 3523 174 3570 pro
190 3509 364 3571 ὀνομαστικὴν
381 3509 448 3558 dedit
464 3509 618 3572 Kruegerus‚
636 3510 727 3559 habent
743 3512 792 3560 mei
808 3525 897 3559 omnes.

89 3584 130 3651 (7)
167 3585 307 3636 Articulum
332 3602 378 3636 om.
405 3588 432 3636 M
458 3591 483 3636 et
503 3602 561 3636 mox
576 3589 663 3638 vitiose
679 3589 753 3639 hebet
770 3589 890 3650 δηλῶσαι.
923 3586 1003 3637 Looue
1020 3585 1196 3650 Thucydideus

56 3667 96 3714 eet
113 3662 145 3727 Ι,
165 3665 219 3713 138.

91 3741 130 3806 (8)
165 3741 233 3791 Libri
249 3742 348 3807 quidum
365 3744 472 3808 ἀφανὶρ,
489 3744 554 3792 unde
571 3743 642 3804 plane
659 3744 762 3794 ubsurde
778 3743 799 3792 L
817 3745 925 3810 ἀφωνίη.
940 3741 1051 3808 Thuoyd
1070 3743 1111 3805 ΙΙ,
1131 3742 1170 3794 37.

90 3819 130 3885 (9)
165 3820 240 3872 Paris.
270 3825 282 3871 l
309 3826 334 3870 et
361 3821 430 3872 Oolb.
456 3823 521 3884 opud
554 3819 704 3872 Hudsonum
731 3829 757 3872 et
782 3823 832 3872 mei
854 3823 926 3872 ΑΜΒ
943 3822 1055 3872 iuuerunt
1072 3823 1196 3872 τοιοῦτον.

57 3900 186 3950 intactum
223 3901 309 3966 reliqui
342 3901 423 3950 locum
458 3901 674 3964 corruptissimum.
707 3903 849 3965 Kruegerus
875 3917 919 3964 pro
949 3905 978 3952 τὸ
1009 3899 1196 3961 σημαινόμενον

56 3980 191 4044 legendum
206 3997 342 4045 proponens
358 3981 524 4045 σχηματίζων
540 3981 619 4046 ὄνομα
636 3983 697 4032 mihi
712 3997 763 4031 nou
778 3981 923 4044 persuadet,
940 3995 1019 4043 neque
1034 3979 1087 4040 ipeo
1103 3977 1194 4041 reperi,

57 4057 126 4121 quod
142 4057 299 4112 satisfaceret.
333 4057 425 4108 Vereor
442 4063 538 4122 autem,
555 4074 586 4108 ne
603 4060 661 4124 quid
678 4059 796 4109 exciderit
811 4061 866 4120 poet
883 4059 1076 4122 σημαινόμενον.

92 4135 147 4203 (10)
181 4135 270 4201 Edidi,
299 4143 328 4188 ut
344 4139 416 4188 hebet
433 4138 543 4203 Thuoyd.
561 4138 616 4200 IV,
640 4141 676 4190 12.
710 4139 787 4189 Codd.
803 4136 968 4201 negligentius
984 4135 1021 4187 bie
1038 4136 1072 4195 εἰς
1089 4135 1198 4186 scribunt

62 4218 87 4263 et
111 4215 250 4267 θάλατταν
274 4232 317 4279 per
334 4236 373 4267 ττ.
407 4214 522 4267 Ceterum
538 4218 637 4280 quidam
654 4217 722 4266 eodd.
740 4217 855 4267 Hudsoni
871 4220 896 4264 et
912 4215 961 4264 mei
977 4229 1060 4265 omnes
1077 4213 1198 4264 voeabula

59 4293 94 4350 εἰς
116 4295 256 4344 θάλατταν
280 4295 319 4344 hio
344 4297 462 4345 omittunt
485 4299 511 4346 et
535 4299 699 4359 transponunt
721 4296 747 4344 in
764 4293 887 4359 sequentis
902 4293 997 4355 periodi
1012 4293 1062 4342 fine
1078 4296 1133 4355 poet
1149 4295 1198 4352 τῆς

58 4372 173 4436 εἰρεσίας.
209 4373 338 4433 Πεσόντος
354 4374 445 4423 hubent
461 4374 524 4438 mei,
542 4375 569 4423 ni
585 4375 673 4436 fallor,
689 4389 780 4424 omnes.
813 4372 894 4422 Antea
911 4371 1037 4434 legebatur
1055 4391 1076 4423 τ.
1087 4369 1198 4433 Ὀντος,

58 4453 123 4518 quod
140 4468 155 4504 e
171 4453 284 4519 Thuoyd.
301 4470 362 4504 corr.
380 4453 535 4519 Sylburgius.
