2754 5018
609 283 652 349 to

64 464 114 526 καὶ
148 458 319 546 βάσκανος
349 456 455 533 ’ἔδοξεν
485 458 580 534 εἶναι,
616 455 883 543 προσλαμβάνων
916 466 984 533 τοῖς
1014 456 1198 541 ἀναγκαίοις

65 559 257 645 ὀνειδισμοῖς
289 565 338 627 καὶ
369 560 444 626 ἄττα
473 564 539 626 τῶν
568 554 709 632 ἐνδόξων
739 557 921 642 προσώπων
955 556 1012 623 ούκ
1043 557 1197 640 ἀναγκαῖα

62 665 305 748 κατηγορήματα
320 657 375 737 tit·
402 662 514 744 ὅμοιόν
544 687 572 724 τι
599 664 701 725 ποιῶν
734 668 802 733 τοῖς
825 662 966 744 ἰατροῖς,
1000 656 1033 722 οἳ
1053 659 1198 740 τέμνουσι

62 769 111 830 καὶ
147 766 256 831 κόονσι
285 764 324 829 τὰ
357 760 565 849 διεφθαρμένα
584 757 622 840 (θ)
653 766 709 826 τού
740 762 907 844 σώματος,
931 759 989 835 ἕως
1010 755 1140 843 βάθους
1157 753 1195 834 (5)

60 868 107 937 τὰ,
135 870 283 953 καυτήρια
317 870 365 931 καὶ
397 864 455 940 ταῖς
483 862 581 947 τομαῖς
610 865 781 949 φέροντες,
805 859 877 928 ούδέ
899 865 964 926 τῶν
985 861 1194 945 ὑγιαινόντων

58 969 109 1030 καὶ
140 963 217 1030 κατιί
250 967 345 1050 φύσιν
375 966 518 1050 ἐχόντων
549 961 790 1048 στοχαζόμενοι.
835 966 987 1035 Τοιοῦτος
1008 962 1064 1042 μὲν
1086 954 1125 1033 δή
1147 984 1194 1034 τιςΙ

59 1070 78 1130 ὁ
101 1065 319 1151 πραγματικὸς
342 1065 534 1160 Θερπόμπου
557 1064 729 1149 χαρακτήρ.

101 1163 140 1230 Ὁ
184 1162 216 1232 δὲ
255 1164 396 1240 λεκτικὸς
438 1165 610 1248 Ἰσοκράτει
631 1161 761 1246 μάλιστ’
783 1161 892 1227 έοικεν.
937 1159 1072 1245 Καθαροί
1103 1185 1135 1222 τε
1153 1155 1192 1237 (4)

57 1265 121 1350 γιῖρ
166 1266 186 1340 ἡ
220 1262 306 1340 λέξις
340 1266 389 1329 καὶ
422 1264 510 1339 κοινὴ
543 1267 593 1328 καὶ
624 1263 729 1345 σαφὴς
760 1258 867 1345 ὑψηλή
900 1287 932 1325 τε
965 1263 1014 1325 καὶ
1053 1255 1193 1341 μεγαλο-

58 1367 203 1451 πρεπὴς,
228 1369 277 1431 καὶ
303 1367 340 1429 τὸ
366 1365 525 1447 πομπικὸν
555 1362 674 1448 ’έχουσα
707 1362 817 1439 πολὺ,
848 1361 1031 1446 συγκειμένη
1058 1386 1090 1422 τε
1119 1354 1196 1422 κατὰ

58 1467 115 1541 τὴν
146 1465 245 1546 μέσην
268 1464 438 1548 ἁρμονίαν,
468 1460 567 1538 ἡδέως
590 1467 639 1527 καὶ
661 1461 811 1545 μαλακοῖς
831 1458 959 1545 ῥέουσα.
1005 1455 1194 1523 Διαλλόττει

60 1563 90 1631 δὲ
123 1575 181 1640 τῆς
208 1565 418 1649 Ἰσοκρατείου
453 1562 528 1628 κατὰ
561 1564 621 1638 τὴν
654 1563 822 1646 πικρότητα
853 1563 901 1626 καὶ
931 1559 989 1624 τὸν
1017 1558 1115 1623 τόνον
1148 1556 1195 1620 ἐπ’

59 1667 175 1740 ἐνίων,
210 1667 287 1729 ὅταν
320 1665 464 1748 ἐπιτρέψῃ
485 1667 555 1736 τοὶς
577 1662 691 1727 πάθεσι
703 1709 713 1739 ,
735 1661 872 1743 μάλιστα
895 1655 937 1735 δ’,
961 1659 1038 1722 ὅταν
1057 1650 1194 1739 ὀνειδίζῃ

59 1762 192 1829 πόλεσιν
221 1763 239 1837 ἢ
267 1769 457 1848 στρατηγοῖς
487 1760 611 1846 πονηρά
644 1758 849 1846 βουλεύματα
882 1762 930 1824 καὶ
964 1753 1092 1842 πράξεις
1126 1750 1194 1820 ἀδί-

60 1891 143 1939 κους.
203 1862 316 1938 Πολὺς
349 1862 410 1948 γᾶρ
440 1859 489 1947 ῥεῖ
507 1859 545 1939 (5)
581 1864 614 1926 ἐν
642 1863 768 1936 τούτοις
775 1907 786 1938 ,
816 1864 863 1926 καὶ
886 1869 941 1936 τῆς
965 1857 1194 1939 Δημοσθένους

59 1961 236 2042 δεινότητος
282 1961 354 2030 οὐδὲ
403 1961 487 2048 παρὰ
506 1961 544 2042 (ὅ)
583 1963 694 2048 μικρὸν
731 1960 884 2047 διαφέρει,
929 1961 973 2038 ὡς
1010 1955 1044 2031 ἐξ
1081 1954 1193 2021 ἄλλων

61 2066 196 2131 πολλῶν
229 2065 269 2131 όν
302 2093 350 2139 τις
383 2061 463 2140 ίδοι,
494 2065 550 2129 κάκ
578 2069 642 2128 τῶν
675 2062 838 2149 ἆρχαῖκῶν
855 2059 894 2140 (7)
930 2057 1126 2134 ἐπιστολῶν,
1154 2054 1193 2130 ἃς

57 2171 114 2251 τῷ.
130 2217 138 2233 .
321 2169 469 2248 πνεύματι
487 2161 525 2244 (8)
562 2168 727 2250 ἐπιτρέψας
759 2169 927 2252 γέγραφεν.
984 2167 1021 2228 Εἰ
1051 2159 1080 2228 δ’
1101 2163 1192 2246 ὑπερ·

87 2384 127 2450 (1)
166 2384 257 2449 Vulgo:
280 2388 485 2451 προλαμβάνων
512 2391 584 2438 τινὰ
609 2394 664 2446 τοῖς
682 2389 833 2454 ἀναγκαίοις
850 2387 1000 2450 ὀνειδισμοῖς
1017 2386 1070 2435 καί
1087 2387 1124 2433 τὰ
1140 2389 1193 2434 τῶν

51 2467 174 2520 ἐνδόξων
198 2468 340 2529 προσώπων
367 2468 414 2516 οὐκ
438 2469 568 2532 ἀναγκαῖα
592 2468 741 2532 πράγματα,
776 2467 844 2515 Amb.
861 2470 926 2515 recto
943 2464 1009 2514 dedit
1024 2462 1086 2512 mihi
1111 2479 1190 2525 προσ·

53 2543 221 2606 λαμβάνων,
247 2545 392 2607 transposito
422 2548 481 2595 τινά
508 2550 563 2608 post
590 2547 745 2610 ἀναγκαίοις.
778 2544 885 2607 Recepta
910 2543 1030 2605 Kruegeri
1054 2541 1192 2591 coniectura

49 2623 261 2688 κατηγορήματα
278 2624 363 2688 (possis
376 2641 470 2690 quoquo
481 2625 653 2691 ἐγκλήματα),
669 2626 765 2690 reposui
776 2625 938 2687 confidenter,
955 2625 1020 2688 quod
1031 2623 1105 2673 vidos.
1128 2626 1190 2671 Τινὰ

51 2707 91 2752 eut
109 2702 356 2764 interpretamentum
371 2704 463 2754 formae
480 2705 575 2755 rarioris
592 2707 674 2767 ἄττα,
694 2721 755 2770 quae
773 2707 823 2767 ipso
840 2704 867 2753 in
883 2705 915 2753 τά
932 2706 1047 2764 corrupta
1061 2705 1105 2751 est.

86 2782 125 2847 (2)
161 2780 203 2830 An
219 2783 308 2832 excidit
324 2786 403 2847 pipp?
699 2797 701 2800 '

89 2859 126 2926 (3)
162 2859 203 2910 Sio
227 2867 292 2911 recto
309 2863 378 2911 Amb.
412 2863 494 2927 Vulgo
512 2866 546 2921 ὡς
561 2864 669 2927 βάθους.
704 2866 780 2914 Varia
796 2864 905 2913 coniecto
920 2870 996 2921 sunt3
1020 2861 1086 2924 quod
1102 2859 1193 2921 simpli·

58 2940 182 2989 oiaoinrum
210 2945 277 3002 erat,
306 2941 369 2989 vidit
394 2957 472 2990 nomo.
506 2942 566 2992 Mox
583 2944 653 3006 vide,
681 2960 712 2992 au
737 2958 781 3006 pro
808 2944 889 3008 τομάς
914 2939 1068 2991 scribendum
1085 2939 1118 2988 sit
1135 2940 1194 2995 τοὺς

60 3022 149 3083 τομίας
166 3021 181 3070 i.
199 3036 219 3070 o.
236 3023 331 3071 cultros.
366 3021 396 3069 Iu
413 3022 501 3072 vicinio
517 3028 600 3072 autom
616 3025 811 3088 στοχαζόμενοι,
828 3027 857 3071 ut
872 3023 980 3085 saepius,
998 3020 1062 3069 valet
1079 3021 1194 3068 rationem

56 3101 181 3162 hahentes,
210 3101 275 3163 quod
302 3117 352 3150 nou
377 3118 514 3165 monerem,
542 3104 569 3152 ni
586 3104 689 3154 absurde
706 3105 843 3166 ottinpeada'
859 3103 935 3153 verbo
952 3102 1108 3162 interpretem
1128 3099 1194 3147 Lati-

55 3197 117 3230 num
132 3197 208 3231 usum
223 3196 276 3230 esse
292 3182 419 3244 vidissem,
444 3188 481 3244 et,
507 3185 571 3247 quod
587 3183 688 3247 gravius
704 3188 755 3243 est,
774 3183 840 3233 viros
858 3183 942 3232 doctos
959 3181 1077 3243 cogitasse
1094 3181 1123 3227 de
1144 3178 1195 3226 alio

55 3260 176 3312 vocabulo
194 3263 338 3324 reponendo.
372 3262 487 3312 Reirkiue
504 3264 568 3312 enim
583 3266 707 3326 proposuit
723 3263 872 3328 φειδόμενοι,
889 3262 1031 3324 Kruegerus
1050 3261 1193 3323 ἀποσχόμε-

55 3355 109 3400 νοι,
128 3341 156 3389 in
170 3355 219 3404 qua
235 3340 373 3390 oonieoturo
389 3358 419 3390 ue
437 3342 549 3391 Aoristus
567 3342 664 3405 quidem
679 3342 739 3392 ferri
756 3347 845 3406 potest.
879 3339 918 3391 Of.
935 3341 1030 3392 Platon
1043 3339 1115 3388 Lach.
1131 3338 1192 3390 1786

56 3421 82 3466 et
98 3416 225 3469 Demosth.
243 3416 327 3481 XIII,
344 3434 367 3480 p.
384 3421 415 3468 36
433 3418 529 3484 (Bekk).

88 3497 125 3562 (4)
160 3497 243 3560 Vulgo
260 3501 362 3562 καθαρὰ
379 3501 436 3565 γάρ.
471 3499 568 3550 Inoemi
585 3502 731 3565 particulam
747 3520 773 3552 τε
790 3517 822 3550 ex
838 3500 949 3550 Ambroo.

88 3577 126 3642 (5)
160 3579 199 3643 ῥεῖ
224 3579 316 3628 inserui
336 3580 367 3629 <le
390 3579 531 3629 oouiootura
551 3597 610 3633 mea.
644 3581 776 3631 Praeterea
792 3580 876 3630 malim
892 3581 920 3630 ἐν
937 3582 992 3636 τοῖς
1008 3575 1133 3635 τοιούτοις
1148 3591 1192 3639 pro

56 3655 84 3707 ἐν
98 3655 211 3714 τούτοις,

90 3732 127 3798 (6)
162 3733 246 3796 Vulgo
267 3737 333 3784 κατὰ
349 3735 454 3798 μικρόν,
476 3737 542 3799 quod
557 3737 681 3800 signifieat
693 3740 824 3798 paulatim.
859 3737 981 3785 Audacter
996 3733 1106 3796 reposui,
1127 3731 1191 3794 quod

57 3812 180 3862 Graeoum
195 3817 233 3861 est
249 3827 278 3861 eo
295 3828 383 3876 sensu,
407 3815 449 3877 qui
466 3815 505 3863 hio
520 3817 660 3878 requiritur.
694 3816 776 3866 Possis
789 3819 885 3878 tamen,
908 3813 988 3862 dolote
1003 3809 1191 3874 praepositione,

56 3890 160 3939 seribere
176 3891 234 3940 οὐδὲ
252 3891 349 3955 μικρόν.

88 3965 126 4032 (7)
161 3968 240 4030 Vide,
257 3984 318 4032 quae
334 3986 408 4033 supra
424 3970 475 4019 diui
491 3986 546 4034 pag.
565 3974 595 4020 42
612 3973 638 4020 in
656 3973 738 4023 adnot.
756 3976 777 4022 6.

88 4044 126 4110 (8)
164 4045 205 4096 Ita
229 4049 279 4097 eod.
307 4046 404 4111 Amor-,3
425 4052 468 4115 qui
484 4053 591 4114 spatium
609 4069 714 4103 vaouum
730 4053 828 4116 reliquit
847 4057 861 4102 9
879 4053 929 4102 iero
945 4051 1078 4100 literarum.
1112 4048 1193 4110 Suspi·

57 4137 110 4173 tor:
143 4125 181 4186 τῷ
205 4127 334 4192 σφοδρῷ
351 4127 483 4192 πνεύματι.
517 4128 577 4178 Mox
594 4131 661 4180 codd.
679 4129 698 4179 εἰ
716 4130 735 4180 δ’
757 4130 888 4195 ὑπερεῖδεν
903 4131 935 4180 ἐν
953 4128 1082 4184 τούτοις
1099 4126 1135 4190 ἐφ’
1154 4127 1192 4184 οἷς

57 4202 108 4251 ατί.
144 4199 262 4264 Expunni
284 4205 400 4253 vocabula
417 4207 444 4255 ἐν
462 4206 581 4270 τούτοις,
604 4210 692 4272 quippe
709 4210 773 4258 male
789 4210 892 4271 repetita
909 4225 922 4257 e
939 4207 1063 4271 superiore
1079 4205 1190 4267 periodo:

56 4284 141 4340 πολὺς
167 4284 217 4346 γὰρ
240 4282 277 4346 ῥεῖ
301 4284 337 4333 ἐν
360 4283 491 4341 τούτοις
516 4284 566 4336 nrt.
601 4286 627 4336 si
652 4288 708 4350 quis
723 4292 807 4337 tamen
822 4287 980 4350 praetulerit:
1006 4287 1025 4336 εἰ
1042 4286 1061 4335 δ’
1081 4283 1192 4349 ὑπερεῖδε

56 4362 160 4411 τούτω
168 4381 195 4420 ν,
212 4361 247 4425 ἐφ’
265 4365 303 4421 οἶς
320 4361 384 4425 xri„
400 4363 512 4426 equidem
528 4379 578 4413 non
594 4365 699 4414 obnitar.
732 4368 860 4416 Praeterea
876 4382 919 4429 pro
936 4365 1038 4430 μάλιστ’
1051 4366 1084 4414 ιἰν
1095 4363 1195 4426 reposui

55 4440 180 4499 μάλιστα,
199 4440 402 4502 quomadmodum
419 4441 427 4489 l
442 4441 549 4503 gendum
566 4460 616 4492 orso
634 4444 683 4492 iom
700 4445 844 4505 Kruegorus
860 4444 962 4492 monuit.
