2754 5018
664 275 700 355 Π

125 471 160 546 ἔα
174 470 235 551 (1),
268 471 325 545 τὰς
355 471 471 557 ἐκείνου
508 462 608 538 λέξεις
640 467 888 550 παρασχόμενος
905 463 957 544 (θ).
1001 465 1255 552 Ἀναμριλόγοις

123 571 169 658 ἄρ’
188 569 226 650 (ἶ)
258 565 469 647 ἀποδέδεικται
502 568 700 649 τεκμηρίοις,
734 568 781 630 ὅτι
811 566 927 640 πάντες
962 569 992 634 οί
1028 569 1255 648 Δημοσθένους

120 674 245 757 ἀγῶνες
276 674 306 735 οἱ
339 672 402 754 πρὸ
431 679 487 744 τῆς
522 663 740 751 Λυσιμαχίδου
771 667 874 751 ἀρχῆς
898 669 931 731 ἐν
954 665 1130 745 ἐκκλησίαις
1153 695 1183 731 τε
1207 670 1255 730 καὶ

119 769 331 855 δικαστηρίοις
379 771 543 855 γενόμενοι
591 772 780 850 προτεροῦσι
800 763 845 844 (4)
900 769 964 830 τῶν
1012 765 1255 849 Ἀριστοτέλους

117 877 276 957 τεχνῶν.

536 1097 702 1176 CAPUT
744 1099 838 1176 XlL

160 1297 293 1382 Ἑτέραν
326 1292 358 1361 δὲ
377 1292 415 1373 (5)
456 1296 635 1378 προσθήσω
668 1296 844 1379 μαρτυρίαν
877 1294 962 1378 παρὰ
995 1299 1053 1358 τοῦ
1076 1292 1258 1379 φιλοσόφου

114 1399 259 1485 λαβὼν,
292 1396 326 1472 ἐξ
349 1402 384 1473 ἧς
409 1396 451 1462 ἐ’τι
473 1395 603 1478 μᾶλλον
626 1396 709 1460 ἔσται
733 1397 893 1481 φανερὸν,
917 1400 964 1462 ὅτι
986 1397 1060 1479 μετὰ
1082 1398 1140 1461 τὸν
1162 1395 1258 1461 πόλε-

113 1531 181 1586 μου
204 1504 263 1566 τὸν
285 1497 455 1585 συμβάντα
477 1507 544 1578 τοῖς
566 1498 755 1574 Ἀθηναίοις
777 1500 860 1583 πρὸς
884 1498 1067 1575 Φίλιππον,
1090 1502 1121 1563 αἱ
1143 1497 1258 1584 ῥητο-

114 1606 224 1688 ρικαὶ
248 1601 491 1685 συνετάχθησαν
515 1598 565 1662 ὑπ’
589 1599 686 1663 αιίτοῦ
717 1602 853 1684 τέχναι
866 1646 875 1674 ,
915 1603 1142 1680 Δημοσθένους
1164 1600 1260 1680 ιἰκμά·

115 1702 238 1778 ζοντος
262 1698 321 1776 ἤδη
344 1699 419 1765 κατὰ
443 1700 500 1773 τὴν
522 1697 707 1775 πολιτείαν,
731 1703 778 1763 καὶ
803 1700 926 1774 πάντας
950 1701 1110 1782 εἰρηκότος
1132 1700 1208 1775 τοίις
1228 1726 1259 1763 τε

115 1792 353 1885 δημηγορικοὺς
376 1803 424 1862 καὶ
446 1801 522 1876 τοὺς
546 1794 721 1874 δικανικοὺς
745 1798 870 1883 λόγους
883 1847 892 1875 ,
916 1801 961 1864 ὧν
984 1797 1087 1883 ὀλίγῳ
1102 1798 1258 1883 πρότερον

116 1903 293 1982 ἐμνήσθην.
339 1893 472 1970 ΔιεΕιών
508 1896 571 1981 γὰρ
609 1900 685 1971 τοὺς
709 1898 842 1972 ’τόπους
880 1902 944 1963 τῶν
981 1897 1207 1979 ἐνθυμημάτων
1240 1897 1258 1957 ὁ

117 1999 326 2086 φιλόσοφος,
359 2000 407 2061 καὶ
441 1996 499 2061 τὸν
532 1997 564 2059 ἐκ
593 2005 651 2070 τῆς
680 1999 780 2071 αἰτίας
803 2000 929 2071 τίθησι·
952 1993 1123 2082 παρέξομαι
1146 1991 1260 2069 δὲτὴν

118 2103 241 2164 ἐκείνου
263 2093 370 2170 λέξιν·
418 2092 593 2168 ν”Αλλος
627 2096 814 2180 παρᾶ”τὸ
847 2095 1052 2172 ἀναίτιον,
1093 2096 1140 2168 ὡς
1171 2093 1258 2158 α’ίτι·

119 2227 166 2266 ον
181 2193 234 2276 (5)·
260 2196 349 2260 οἷον
378 2198 426 2279 τῷ
459 2193 534 2274 ἅμα
564 2193 583 2268 ἢ
611 2196 703 2278 μετὰ
732 2202 847 2260 τοῦτο
869 2198 1092 2281 γεγονέναι·
1120 2192 1259 2278 τὸγὰρ

118 2297 210 2379 μετὰ
243 2300 356 2359 τοῦτο
391 2294 440 2367 ὡς
462 2287 524 2356 διὰ
547 2299 662 2358 τοῦτο
693 2292 945 2379 λαμβάνουσι
968 2299 1026 2360 καὶ
1050 2291 1203 2376 μάλισθ’
1227 2291 1257 2354 οί

120 2399 163 2462 ἐν
198 2403 281 2468 ταῖς
311 2392 549 2466 πολιτείαις·
584 2394 628 2468 ὡς
646 2393 683 2472 (7)
709 2398 727 2459 ὁ
752 2391 934 2477 Δημάδης
960 2397 1030 2469 τὴν
1059 2391 1259 2474 Δημοσθέ-

121 2523 219 2570 νους
262 2491 479 2559 πολιτείαν
512 2492 674 2558 πάντων
710 2498 788 2560 τῶν
825 2498 952 2560 κακῶν
991 2497 1146 2573 αἰτίαν.
1182 2488 1258 2573 μετ’

120 2597 285 2669 ἐκείνην
321 2592 395 2676 γὰρ
434 2588 584 2677 συνέβη
623 2596 641 2657 ὁ
675 2591 927 2677 πόλεμος”(8)
965 2597 1086 2668 Παίους
1119 2597 1201 2677 γοῦν
1219 2588 1256 2669 (9)

121 2701 141 2761 ὁ
183 2695 395 2776 Δημοσθένης
446 2694 668 2758 κατεσκεύασεν
720 2694 850 2779 άγιῖινας
894 2702 964 2770 ταῖς
997 2690 1260 2778 Ἀριστοτελείοις

120 2797 292 2881 τέχναις
327 2787 459 2874 ὁδηγοῖς
483 2790 708 2875 χρησάμενος,
743 2796 767 2858 εἰ
789 2794 906 2869 πάντες
928 2797 958 2859 σί
982 2790 1126 2874 δημόσιοι
1148 2790 1261 2877 λόγοι,

122 2894 164 2962 δι’
209 2891 267 2968 οὓς
304 2896 469 2958 ἐπαινεῖται
510 2920 543 2956 τε
579 2898 628 2958 καὶ
666 2894 880 2976 θαυμάζεται,
925 2895 988 2978 πρὸ
1025 2898 1082 2957 τοῦ
1119 2892 1260 2975 πολέμου

120 2995 320 3083 γεγόνασιν,
356 2991 400 3066 ὡς
437 2992 593 3076 πρότερον
630 2989 821 3073 ἐπίδειξαβ)
836 3043 845 3071 ,
869 2993 956 3071 πλὴν
979 2993 1050 3066 ἑνὸς
1082 2997 1140 3056 τοῦ
1173 2994 1260 3075 περὶ

120 3099 192 3160 τοῦ
231 3092 449 3176 στεφάνους
487 3090 583 3164 οὗτος
619 3092 682 3177 γὰρ
716 3096 818 3174 μόνος
855 3095 899 3168 είς
936 3090 1137 3176 δικαστήριον
1184 3093 1260 3155 είσε·

121 3192 248 3269 λήλνθε
292 3191 366 3274 μετὰ
414 3191 472 3255 τὸν
517 3189 661 3272 πόλεμον
704 3192 750 3257 ἐπ’
799 3192 1055 3280 Ἀριστοφῶντος
1100 3190 1260 3275 ἄρχοντος

123 3290 234 3379 ὀγδόῳ
251 3287 312 3371 (10)
361 3296 419 3376 μὲν
462 3293 591 3378 ἐνιαυτῷ
633 3293 708 3376 μετὰ
753 3294 810 3370 τὴν
855 3296 888 3359 ἐν
927 3295 1100 3377 Χαιρωνεία
1134 3291 1261 3375 μάχην,

157 3455 194 3522 (l)
229 3455 316 3505 Malim
333 3454 461 3510 ἀπέδειξα.

156 3532 193 3600 (2)
227 3532 314 3596 Malim
331 3536 513 3599 παρεχόμενος,

153 3612 191 3680 (3)
225 3613 265 3662 Sic
289 3612 441 3673 scribendum
461 3627 513 3661 esso
540 3611 625 3674 putavi
641 3627 686 3674 pro
702 3614 748 3675 ἄν,
765 3612 830 3677 quod
846 3610 945 3661 exhibet
962 3611 1043 3672 Amb.;
1070 3611 1144 3673 vulgo
1160 3626 1259 3674 prorsus

118 3695 250 3744 omittitur.

153 3773 191 3838 (4)
226 3768 308 3835 Vulgo
335 3769 469 3834 πρότεραι;
497 3769 569 3820 Amb.
596 3769 669 3818 habet
697 3773 830 3833 πρότερον.
864 3768 985 3832 Βοιατὶριί
1009 3771 1168 3834 προτεροῦσι.
1202 3765 1259 3831 syl-

117 3853 189 3915 burg.
208 3867 238 3901 οτι
255 3850 311 3899 edit.
347 3847 439 3908 MotelL
458 3853 483 3897 et
500 3848 590 3912 wolfi,
608 3865 622 3898 a
638 3849 687 3897 fine
703 3849 826 3911 supplevit
845 3849 914 3901 εἰσιν.

153 3929 190 3997 (ό)
226 3929 251 3979 δέ
267 3928 350 3978 addidi
365 3943 396 3977 ex
410 3927 518 3991 ingenio.
547 3928 608 3977 Mox
623 3928 717 3978 malim:
734 3925 796 3990 παρ’
813 3928 893 3980 αὑτοῦ
912 3932 957 3980 τοῦ
974 3930 1118 3993 φιλοσόφον.

153 4008 191 4074 (6)
225 4010 297 4072 παρὰ
315 4010 363 4057 τὸν
378 4008 476 4066 αἴτιον,
494 4022 540 4055 om.
559 4021 608 4057 νοα
626 4007 660 4065 ὡς
675 4007 775 4068 αίτιον,
792 4002 861 4055 Αιοίι.

153 4086 189 4152 (7)
224 4087 279 4137 οἷον
296 4087 330 4143 ὡς
345 4086 361 4135 l
378 4085 394 4134 l.
413 4083 512 4134 Rhetor.
530 4084 573 4146 II,
592 4087 623 4133 24
639 4084 712 4133 habet
730 4084 889 4149 Aristoteles,
907 4086 950 4135 ubi
966 4087 999 4143 ὡς
1017 4086 1110 4134 omittit
1124 4085 1177 4135 eod.
1196 4084 1224 4139 Q„

153 4165 192 4232 (8)
226 4166 279 4230 μετ’
309 4165 388 4215 έκεῖνο
415 4163 479 4230 γὰρ)
508 4163 604 4214 omissis
631 4163 757 4218 vocabulis
785 4163 884 4231 συνέβη
901 4167 915 4215 ὁ
933 4165 1057 4227 πόλεμος,
1078 4163 1162 4212 relicto
1179 4170 1260 4226 tamen

117 4244 206 4310 spatio.
223 4244 293 4293 Amb.

153 4322 190 4387 (9)
224 4323 308 4380 ποίοις
324 4322 347 4388 γ’
367 4322 414 4372 οὖν
430 4321 498 4372 Amb.

136 4399 193 4464 (10)
226 4398 302 4450 Abest
318 4413 436 4450 numeras
453 4399 484 4448 ab
501 4398 569 4448 Amb.
