2754 5018
122 436 185 509 κῶς
208 430 367 500 ἐπτακαιδέ
353 437 478 500 έ·κατον
513 430 697 549 δημοσίους
709 431 740 498 δὲ
763 430 887 518 λόγους
910 432 1029 516 ἤρξατο
1051 435 1187 520 γράφειν
1207 410 1249 504 ἐπὶ
1297 438 1299 457 ’

123 531 421 616 Καλλιστράτον”
403 558 564 617 αρχοντος
601 508 745 598 εἰκοστὸν
774 535 822 594 καὶ
847 517 1026 616 ἕβδομον”
1012 561 1097 618 εχιον
1121 532 1248 612 ἕτοςΜ).

121 633 228 699 κάστιν
265 634 361 697 αὐτοῦ
397 636 525 716 πρῶτος
560 638 624 697 τῶν
661 636 704 707 εἷς
739 627 920 717 δικαστήρια
942 637 1249 700 κατασκευασθέντων

123 735 259 818 ἀγώνων
283 739 300 797 ὁ
324 733 399 798 κατ’
421 731 722 818 Ἀνδροτίωνος,
745 731 784 795 δν
807 733 944 817 γέγραφε
956 729 995 808 (Ξ)
1022 730 1194 818 Διοδώρῳ,
1214 741 1250 819 τῷ

123 837 261 918 κρίνοντι
283 834 319 897 τδ
342 835 486 918 ψήφισμα
507 834 711 917 παρανόμων.
757 835 806 894 καὶ
829 831 905 895 κατὰ
927 833 985 896 τὸν
1008 833 1112 896 αὐτὸν
1136 833 1252 917 χρόνον

123 933 225 1015 ἕτερος
238 933 296 1009 (ἐπὶ
311 929 555 1015 Καλλιστράτου
568 930 740 1014 ἄρχοντος)
753 924 790 1006 (5)
807 931 824 991 ὁ
847 933 937 1012 περὶ
960 933 1037 993 τῶν
1060 929 1253 1008 άτελειῶυ,

123 1030 162 1094 ὃν
196 1030 291 1103 αὐτὸς
325 1026 464 1106 διέθετο,
495 1032 702 1115 χαριέστατος
726 1028 875 1093 ἁπάντων
897 1031 961 1092 τῶν
977 1025 1016 1105 (Δ)
1041 1027 1177 1113 λόγων,
1211 1033 1254 1093 καὶ

121 1128 367 1213 γραφικώτατος.
412 1132 461 1193 ἐπὶ
492 1125 523 1192 δὲ
549 1133 716 1208 Διοτίμου,
745 1133 801 1191 τοῦ
824 1127 898 1208 μετὰ
924 1125 1192 1210 Καλλίστρατον,
1225 1129 1253 1192 ἐν

121 1228 305 1303 Ἀθηναίοις
333 1230 460 1314 πρώτην
484 1229 547 1293 εἶπε
570 1225 788 1312 δημηγορίαν,
811 1225 852 1301 ἢν
874 1229 1106 1312 ἐπιγράφουσιν
1130 1231 1161 1291 οἱ
1183 1229 1254 1302 τοὺς

120 1324 308 1410 ῥητορικοὺς
339 1331 473 1405 πίνακας
497 1324 709 1400 συντάξαντες
731 1331 819 1409 περὶ
843 1329 920 1390 τῶν
950 1329 1202 1409 συμμοριῶν·
1226 1329 1255 1390 ἐν

120 1420 140 1508 ᾗ
170 1424 344 1508 παρακαλεῖ
372 1429 448 1501 τοὺς
470 1427 664 1500 Ἀθηναίους
687 1427 728 1507 μὴ
752 1424 839 1488 λύειν
862 1427 919 1498 τὴν
941 1425 1023 1507 πρὸς
1045 1421 1187 1508 βασιλέα
1209 1453 1255 1509 γε·

121 1527 256 1605 νομένην
279 1526 428 1607 εἰρήνην,
448 1521 523 1606 μηδὲ
546 1528 721 1608 προτέρους
744 1523 854 1609 ἄρχειν
878 1530 935 1587 τοῦ
957 1523 1124 1605 πολέμου,
1147 1523 1204 1587 ἐὰν
1218 1525 1255 1605 μὴ

120 1620 416 1703 παρασκευάσωνται
448 1624 506 1696 τὴν
541 1624 687 1697 ναυτικὴν
711 1620 860 1703 δύναμιν,
895 1624 927 1685 ἐν
949 1618 968 1706 ᾗ
991 1622 1146 1695 πλείστην
1168 1621 1256 1706 εἶχον

121 1723 235 1804 ἰσχὺν,
269 1725 317 1784 καὶ
350 1721 408 1784 τὸν
430 1723 551 1805 τρόπον
580 1730 635 1796 τῆς
667 1730 864 1806 παρασκευῆς
887 1721 985 1794 αὐτὸς
1002 1716 1040 1797 (5)
1067 1722 1257 1786 ὑποτίθεται.

122 1821 170 1882 ἐπὶ
200 1814 231 1883 δὲ
262 1816 429 1896 Θουδήμου
440 1815 502 1896 (ὅ),
540 1826 596 1882 τοῦ
626 1820 700 1901 μετὰ
734 1821 885 1899 Διότιμον
916 1815 1093 1902 ἄρξαντος,
1136 1820 1196 1884 τόν
1229 1847 1256 1884 τε

121 1919 197 1982 κατὰ
227 1916 440 2003 Τιμοκράτους
472 1918 578 2003 λόγον
601 1919 717 2003 ’ἔγραψε
742 1916 908 2003 Διοδώρῳ,
931 1924 975 2004 τῷ
997 1923 1138 2003 κρίνοντι
1160 1947 1257 2003 παρα·

123 2022 228 2100 νόμον
250 2022 307 2083 τὸν
330 2018 543 2104 Τιμοκράτην,
566 2024 614 2084 καὶ
630 2022 687 2084 τὸν
710 2025 795 2103 περὶ
818 2030 885 2097 τῆς
911 2020 1258 2105 Μεγαλοπολιτῶν

121 2115 310 2200 βοηθείας
333 2115 568 2204 δημηγορικόν,
593 2119 632 2183 ὃν
655 2119 751 2192 αὐτὸς
774 2119 978 2204 ἀπήγγειλεν.
1010 2121 1096 2184 Μετὰ
1121 2118 1153 2186 δὲ
1179 2125 1258 2186 Θοά-

62 2215 91 2278 ’ί
122 2213 222 2297 δημόν
236 2213 273 2294 (7)
299 2221 383 2282 ἐστιν
403 2215 634 2303 Ἀριστόδημος
657 2216 786 2303 ὄρχων,
809 2217 907 2302 ἐφόὗ
923 2223 987 2282 τῶν
1002 2220 1078 2282 κατὰ
1095 2219 1259 2286 Φιλίππου

121 2311 320 2398 δημηγοριῶν
343 2314 479 2399 ἤρξατο,
502 2321 551 2380 καὶ
575 2311 729 2399 λόγον(8)
755 2318 787 2380 ἐν
809 2319 854 2400 τῷ
876 2312 962 2399 δήμῳ
986 2312 1103 2380 διέθετο
1118 2323 1191 2402 περὶ
1207 2329 1260 2394 τῆς

120 2413 304 2488 άποστολης
328 2413 448 2488 ξενικοῦ
470 2419 702 2501 στρατεύματος
725 2421 773 2480 καὶ
796 2421 860 2480 τῶν
883 2412 953 2480 δέκα
968 2421 1104 2501 ταχειῶν
1121 2413 1160 2494 (9)
1178 2447 1260 2503 τριη-

120 2521 186 2600 ρῶν
219 2520 262 2590 εἰς
293 2513 501 2582 Μακεδονίαν.
556 2518 612 2581 Ἐν
642 2521 742 2602 τούτῳ
775 2522 817 2603 τῶ
851 2519 959 2602 χρόνῳ
992 2523 1040 2582 καὶ
1078 2518 1137 2582 τὸν
1181 2523 1259 2586 κατ’

154 2663 190 2728 (1)
224 2664 281 2721 ἔτος
296 2665 363 2728 ἔχων
379 2665 448 2715 Amb.
465 2663 528 2715 Dedi
542 2670 624 2717 autem
640 2667 755 2716 εἰκοστὸν
770 2668 813 2715 καὶ
832 2665 941 2729 ἕβδομον
957 2682 1002 2730 pro
1024 2667 1134 2730 vulgatis
1146 2668 1261 2722 εἰκοστὸν

122 2745 163 2792 καὶ
180 2741 310 2806 πέμπτον;
328 2758 375 2806 qua
391 2744 422 2792 de
437 2760 463 2793 re
480 2761 595 2794 monuere
610 2746 659 2795 iem
671 2745 719 2795 alii.
743 2747 792 2793 Pro
804 2745 831 2794 ἐν
839 2744 992 2815 δικαστηριίρ
1003 2760 1061 2794 mox
1072 2748 1184 2811 reposui,
1197 2751 1260 2814 quod

121 2820 243 2869 sententia
259 2820 361 2883 flagitat.
394 2822 430 2872 ef.
449 2822 501 2872 VII
517 2823 545 2872 in
561 2823 616 2875 fine.

155 2898 190 2962 (2)
225 2898 315 2963 ἔγραφε
332 2899 414 2959 Amb.;
431 2900 496 2949 unde
512 2901 616 2952 tortasse
633 2901 815 2952 rescribendum
830 2900 932 2965 ἔγραψε.

155 2973 192 3038 (3)
225 2974 299 3024 Unois
315 2976 377 3038 sepsi
391 2976 633 3039 interpretamentum
648 2977 806 3027 menifestum
823 2977 1009 3027 vocabulorum:
1031 2982 1097 3029 κατὰ
1114 2987 1162 3034 τὸν
1180 2986 1260 3039 αὐτὸν

122 3055 224 3116 χρόνον.

155 3128 191 3192 (4)
224 3127 362 3179 Articulum
378 3132 470 3181 omittit
487 3133 555 3182 Amb.
572 3149 627 3182 oum
644 3133 695 3182 eod.
706 3133 781 3196 Reg.,
798 3149 842 3182 neo
853 3132 956 3183 fortasse
968 3133 1073 3197 iniurie3
1091 3141 1120 3185 nt
1131 3138 1159 3186 in
1171 3155 1258 3203 genere

121 3209 234 3272 loquatur
250 3208 396 3273 Dionysius,
413 3212 510 3260 nonde
527 3211 599 3261 uniue
615 3211 784 3262 Demosthenis
801 3212 956 3262 orationibus.
990 3212 1049 3263 Mox
1064 3230 1108 3277 pro
1120 3220 1259 3282 παρεκάλει

121 3290 152 3336 de
168 3289 306 3338 coniectura
322 3290 432 3352 rescripsi
448 3295 604 3355 παρακαλεῖ.

155 3365 190 3430 (ὁ)
225 3366 310 3414 Malim
325 3367 422 3431 quidem
438 3370 543 3430 αὐτοῖς,
559 3370 600 3418 sed
617 3370 696 3425 αὐτὸς
712 3369 771 3418 terri
786 3387 856 3432 posse
872 3370 985 3434 videtur,
1004 3378 1032 3420 ut
1051 3389 1136 3425 sensus
1148 3375 1194 3439 sit,
1211 3393 1258 3426 non

122 3443 175 3492 aliis
193 3442 378 3493 Demosthenem
396 3451 523 3507 apparatus
541 3448 661 3496 rationem
677 3448 832 3498 indicendam
849 3450 981 3512 reliquisse.

155 3519 190 3584 (6)
225 3521 264 3569 Ita
285 3528 349 3570 reete
374 3521 442 3570 Amb.
465 3525 493 3572 P.
519 3529 544 3572 et
568 3525 640 3586 Reg.;
667 3525 741 3586 vulgo
760 3525 893 3589 Εὺδημοο,
915 3528 979 3591 quod
995 3527 1059 3576 mele
1076 3544 1090 3577 a
1106 3529 1208 3580 Reiskio
1224 3548 1258 3581 re-

122 3601 219 3658 ceptum
233 3613 277 3659 pro
294 3596 440 3650 Theodemo.
467 3600 503 3648 cf.
523 3607 633 3650 nostrum
644 3601 699 3651 Din
708 3618 731 3665 p.
745 3605 798 3650 648.
810 3602 918 3663 Bucen,
937 3606 1002 3664 Oorp.
1014 3605 1090 3655 Ιηοον.
1105 3608 1148 3656 Gr.
1159 3608 1192 3658 N.
1205 3611 1259 3660 230.

124 3679 153 3724 13
160 3692 167 3735 ;
183 3675 211 3725 ol.
233 3678 360 3726 Παννονίαν
376 3678 436 3725 εἶδον
447 3680 489 3726 das
508 3681 624 3728 Seeweeen
641 3684 680 3729 des
695 3684 824 3732 Attiseten
848 3683 957 3744 Μυσίαι,
979 3698 1002 3744 p.
1025 3687 1079 3733 340.
1113 3685 1175 3735 Mox
1193 3690 1260 3738 Amb.

120 3755 193 3804 habet
210 3755 353 3819 Τιμοκράτη
369 3771 413 3818 pro
432 3760 601 3821 Τιμοκράτην.

154 3830 190 3896 (7)
224 3832 306 3894 Vulgo
328 3833 456 3898 Εὔδημον,
483 3835 568 3884 deinde
585 3853 640 3885 oum
656 3838 737 3887 Ambr.
754 3839 825 3887 ἐστιν
842 3838 899 3887 dedi
915 3854 958 3900 pro
975 3841 1025 3901 ἦν,
1042 3843 1071 3889 ut
1089 3845 1173 3891 noster
1190 3843 1257 3893 solet

121 3909 239 3971 Exempla
255 3910 311 3958 vide
328 3912 451 3974 complura
466 3912 494 3960 in
510 3929 560 3976 cop.
578 3915 607 3962 X.

153 3985 190 4051 (8)
225 3988 264 4036 Sio
282 3989 363 4049 Amb.;
381 3991 456 4052 vulgo
473 3993 573 4056 λόγους.
610 3992 763 4056 Intelligitur
780 3994 857 4043 oratio
873 3994 951 4058 prima
967 4000 1051 4045 contre
1067 3995 1215 4058 Philippum

154 4065 191 4130 (9)
226 4065 284 4115 Cod.
311 4069 353 4127 P.,
380 4075 409 4117 ut
426 4069 501 4132 vulgo
517 4069 644 4131 scribitur,
665 4073 783 4124 Γαδιτῶν.
797 4073 866 4122 Amb.
884 4074 1037 4139 φυγαδικῶν.
1066 4073 1157 4124 Veram
1173 4076 1258 4127 lectio·

90 4135 97 4144 ⁸
120 4159 176 4192 nem
201 4145 326 4206 reposnie
351 4145 474 4196 Demosth
497 4147 549 4207 IV,
575 4165 596 4210 p.
623 4152 654 4198 22
671 4152 706 4200 od.
732 4153 806 4201 Bekk
833 4155 921 4204 Postea
947 4155 1045 4203 demum
1061 4154 1112 4218 legi
1129 4156 1259 4221 Sylburgii

120 4229 219 4286 notam,
238 4226 301 4273 unde
313 4231 411 4289 apparet
423 4226 530 4276 norellu
541 4228 676 4291 marginem
686 4231 773 4279 habere
784 4251 906 4294 ταχειιοι
923 4233 984 4283 alios
997 4250 1126 4285 oomoorsse
1137 4235 1174 4294 ιδ
1194 4238 1260 4300 quod

121 4304 191 4353 Amb.
224 4305 308 4368 habet,
333 4307 484 4373 φυγαδικῶν.
517 4308 631 4359 Roiskins
654 4311 786 4373 expunxit,
814 4316 899 4360 natum
915 4317 1003 4374 putans
1020 4329 1033 4361 e
1049 4314 1168 4364 vocabulo
1184 4316 1260 4367 medii

120 4381 174 4431 aevi
190 4386 308 4448 γαλειων.
