2754 5018
676 270 720 337 54

132 474 180 534 καὶ
200 467 282 533 οὕτω
300 461 338 543 (1)
353 490 389 548 γε
404 464 571 548 φθονερῶς
584 509 593 538 ,
606 462 686 526 ὥστε
700 466 749 527 καὶ
765 467 804 550 τῇ
820 463 913 530 πόλει
928 469 967 550 τῇ
982 464 1093 528 ἑαυτοῦ
1111 460 1167 536 τάς
1194 465 1250 547 (φα

133 569 237 653 νεριὶς)
256 568 357 639 αἰτίας
378 568 434 628 τοῦ
459 560 601 644 πολέμου
626 560 819 645 περιάπτειν,
847 567 963 650 ἑτέραις
989 564 1108 650 ’ἔχοντα
1124 560 1250 636 πολλοῖς

131 671 289 752 ἀφορμαῖς
300 663 445 750 περιάψαι
459 664 517 742 τὰς
533 667 643 740 αἰτίας.
670 667 780 728 Καίτοι
795 663 954 750 ἄρξασθαί
968 665 1000 750 γ’
1012 662 1072 731 ἔδει
1086 673 1144 738 τῆς
1159 660 1250 748 lippe

131 797 210 844 σεως
225 771 267 849 μὴ
283 766 346 830 άπὸ
362 770 426 830 τῶν
444 769 681 850 Κερκυραϊκῶν,
696 761 771 828 ἀλλ’
788 763 851 829 άπὸ
867 770 931 830 τῶν
946 768 1123 850 κρατίστων
1138 773 1191 841 τῆς
1205 791 1250 828 πα·

130 865 239 952 τρίδος
265 867 387 952 ἐ’ργων,
411 862 429 927 d
445 865 520 947 μετὰ
536 865 593 929 τὸν
610 865 767 948 Περσικὸν
782 864 926 946 πόλεμον
939 865 1037 938 εὐθὺς
1052 861 1201 948 ἐ’πραὲαν·
1216 867 1252 928 ὧν

130 970 263 1054 ὕστερον
275 967 332 1032 κόιν
347 961 547 1049 άνεπιτηδείιρ
565 961 604 1043 (2)
617 966 705 1049 τόπιρ
722 968 848 1047 μνήμην
863 968 1033 1040 ἐποιήσατο
1048 964 1180 1050 φαόλως
1194 991 1251 1039 πως

127 1070 186 1146 κάξ
207 1067 395 1154 ἐπιδρομῆς·
420 1063 588 1133 διελθόντα
619 1063 650 1131 δὲ
673 1071 768 1132 ταῦτα
799 1070 874 1151 μετὰ
896 1067 1027 1143 πολλῆς
1049 1069 1175 1146 εὐνοίας
1187 1116 1197 1146 ,
1217 1069 1253 1142 ὡς

128 1174 169 1239 όν
188 1201 229 1259 ρα
258 1166 452 1256 φιλόπολιν,
483 1167 573 1232 ἔπειτ’
613 1170 811 1252 ἐπενεγκεῖν,
852 1171 899 1233 ότι
933 1172 1056 1234 τούτων
1078 1167 1118 1249 (5)
1154 1171 1253 1254 φθόνῳ

126 1279 175 1340 καὶ
207 1269 264 1339 δέει
295 1272 513 1356 προαχθέντες
530 1266 568 1348 (l)
595 1266 854 1351 Λακεδαιμόνιοι,
892 1268 1070 1355 προφάσεις
1093 1272 1253 1349 ὑποθέντες

127 1373 246 1457 ἑτέρας,
279 1371 384 1446 ἦλθον
417 1370 466 1432 ἐπὶ
499 1369 557 1432 τὸν
587 1367 747 1451 πόλεμον·
782 1373 831 1434 καὶ
864 1370 934 1434 τότε
968 1365 1007 1444 δὴ
1025 1365 1065 1449 (5)
1099 1367 1203 1454 λέγειν
1222 1371 1254 1434 τὰ

128 1472 321 1556 Κερκυραϊκὰ
350 1473 398 1534 καὶ
427 1469 464 1531 τὸ
495 1468 570 1532 κατὰ
603 1472 774 1553 Μεγαρέων
806 1471 977 1554 ψήφισμα,
1005 1474 1056 1534 καὶ
1079 1472 1106 1535 εἴ
1126 1496 1157 1535 τι
1179 1468 1254 1536 ἄλλο

124 1579 271 1638 τοιοῦτον
289 1567 327 1651 (6)
353 1569 519 1654 ἐβούλετο.
549 1571 592 1634 Τὸ
617 1566 648 1634 δὲ
672 1571 766 1645 τέλος
789 1571 830 1635 ἔτι
853 1568 1006 1646 πλείονος
1030 1571 1186 1658 ἁμαρτίας
1200 1575 1254 1637 ἐστὶ

124 1673 241 1759 πλῆρες
266 1670 324 1752 (7)
357 1673 464 1754 καίπερ
495 1671 558 1754 γὰρ
593 1669 717 1756 λέγων,
750 1674 797 1735 ότι
827 1675 921 1735 παντὶ
954 1676 999 1756 τῷ
1020 1669 1150 1756 πολέμῳ
1172 1698 1254 1757 παρε-

124 1776 252 1858 γίνετο,
283 1775 332 1839 καὶ
355 1768 457 1837 πάντα
480 1768 635 1846 δηλώσειν
657 1772 902 1856 ὑποσχόμενος,
935 1774 980 1849 εἰς
1001 1773 1060 1847 τὴν
1084 1775 1255 1858 ναυμαχίαν

124 1874 251 1960 τελευτᾷ
275 1877 334 1951 τὴν
363 1878 432 1960 περὶ
457 1875 565 1952 Κυνὸς
588 1882 669 1956 σῆμα
691 1877 903 1959 γεγενημένην
925 1874 1109 1950 Ἀθηναίων
1132 1879 1181 1941 καὶ
1204 1883 1254 1940 Πε·

121 1973 349 2052 λοποννησίωυ
367 1971 426 2055 (3),
457 1972 476 2049 ἣ
504 1971 625 2058 συνέβη
656 1974 720 2038 κατ’
751 1973 822 2049 ἔτος
856 1975 999 2038 εἰκοστὸν
1024 1978 1074 2039 καὶ
1106 1971 1253 2060 δεότερον.

125 2083 275 2160 Κρεῖττον
310 2073 377 2141 liv
397 2072 434 2154 (9)
470 2079 528 2153 ἦν,
563 2071 766 2148 διεξελθόντα
791 2077 894 2142 πάντα
912 2073 973 2154 (10)
998 2075 1148 2152 τελευτὴν
1171 2079 1253 2150 ποιή-

121 2182 239 2243 σασθαι
275 2188 329 2253 τῆς
367 2180 509 2262 ἱστορίας
545 2178 604 2251 τὴν
640 2180 902 2258 θαυμασιωτάτην
935 2183 984 2242 καὶ
1017 2178 1163 2261 μάλιστα
1191 2187 1251 2252 τοῖς

121 2279 270 2344 ἀκούουσι
301 2279 528 2362 κεχαρισμένην
552 2271 635 2356 (Η),
666 2278 724 2352 τὴν
755 2273 896 2342 κάθοδον
926 2281 991 2343 τῶν
1019 2276 1175 2363 φυγάδων
1195 2282 1250 2343 τῶν

121 2377 185 2445 ἀπὸ
223 2375 351 2454 Φυλῆς,
386 2378 438 2463 ἀφ’
472 2379 510 2452 ie
527 2373 585 2456 (¹2)
623 2379 642 2452 ἡ
676 2377 772 2453 πόλις
806 2377 965 2465 ἀρξαμένη
997 2383 1056 2457 τὴν
1079 2379 1249 2467 ἐλευθερίαν
1291 2338 1295 2467 (

121 2481 297 2560 ἐκομίσατο.
1293 2494 1295 2501 “

121 2590 284 2601 ——n

155 2626 191 2692 (1)
226 2628 265 2678 Sic
282 2626 395 2676 Reiskius
411 2640 508 2690 quoque
523 2641 567 2687 pro
584 2625 686 2688 vulgato
703 2627 768 2677 οὔτε.
801 2625 851 2682 (ὶαί
867 2630 924 2681 οὔτι
940 2631 982 2682 vel
997 2631 1069 2682 orirer
1085 2632 1242 2696 suspicantur,

122 2706 182 2770 quid
206 2706 248 2754 iti
271 2706 394 2768 cogitent,
415 2720 466 2753 non
483 2704 560 2754 video.
594 2705 724 2755 Praeterea
740 2706 771 2755 de
788 2707 928 2758 coniectura
945 2725 1000 2759 mea
1015 2711 1115 2773 reposui
1131 2713 1243 2776 φθονερῶς

122 2801 166 2849 pro
193 2789 322 2850 φανερῶς,
349 2784 415 2849 quod
439 2784 462 2831 h.
478 2783 495 2831 l.
512 2783 585 2845 plane
602 2782 734 2849 absurdum
750 2791 793 2835 est
829 2787 936 2852 Sequens
954 2793 1037 2837 autem
1054 2791 1165 2853 φανερὰς
1179 2784 1239 2836 exilio

121 2864 201 2913 fuerat
218 2862 347 2925 vocabulo,
364 2861 429 2927 quod
446 2876 459 2909 e
475 2861 551 2924 longo
570 2860 656 2911 exsilio
673 2863 792 2915 revocavi.
823 2865 875 2914 Neo
891 2872 974 2916 tamen
989 2867 1068 2929 ipsam
1084 2881 1168 2918 vocem
1183 2875 1239 2929 φανε-

123 2943 170 3006 ράς
187 2957 201 2990 a
218 2941 337 3006 Dionysio
353 2940 463 2989 additum
480 2954 546 2998 esse,
571 2938 711 3003 planissime
730 2943 850 2991 assentior
867 2943 979 3006 Reiskio,
1005 2945 1115 3009 quamvis
1133 2943 1239 2993 obnitente
1293 2972 1295 2977 -

121 3017 255 3081 Kruegero
291 3018 324 3067 In
347 3018 400 3080 ipso
424 3017 473 3067 fine
494 3016 567 3067 huius
590 3017 683 3081 periodi
703 3021 873 3082 praetulerim:
898 3022 1022 3088 περιάψαι
1039 3024 1150 3081 αὐτάς.
1180 3018 1236 3078 Μαι,
1292 3054 1295 3101 Ι

120 3101 215 3145 mutato
232 3098 275 3147 nat
291 3097 317 3144 in
334 3098 433 3158 καίτοι,
451 3097 480 3144 de
496 3112 551 3144 meo
567 3101 623 3158 post
639 3099 766 3161 ἄρξασθαί
783 3117 810 3163 γε
827 3100 919 3150 inserui
935 3101 993 3162 ἔδει,
1010 3102 1075 3166 quod
1091 3099 1240 3165 portionem
1293 3110 1295 3149 i

120 3177 278 3237 parenthesin
300 3191 313 3224 e
334 3175 480 3239 praegressis
498 3176 649 3240 subintelligi
665 3178 757 3241 nequit.
793 3178 857 3228 Nam
873 3180 896 3231 si
912 3181 1038 3240 omiseris,
1062 3181 1103 3230 hio
1118 3177 1243 3230 nfinitus

120 3254 252 3304 necessario
268 3269 400 3315 suspensus
416 3255 462 3302 erit
479 3270 493 3303 a
510 3255 597 3304 vocula
613 3257 692 3318 ὥστε,
714 3273 762 3321 quo
778 3257 843 3307 saoto
860 3259 982 3309 sententia
998 3260 1108 3310 noscitur
1124 3260 1194 3324 plano
1207 3253 1243 3306 ob·

119 3334 197 3382 surda.
232 3333 328 3396 Siquis
345 3336 427 3381 autem
444 3337 513 3397 χρῆν
529 3334 689 3398 praetulerit,
707 3351 758 3384 non
774 3337 929 3389 intercedam.

154 3410 189 3474 (2)
223 3410 304 3474 Vulgo
321 3411 471 3476 ἐπιτηδείῳ,
488 3414 553 3477 quod
569 3415 663 3463 correxi
679 3420 810 3477 praeeunte
828 3417 962 3481 Kruegero.

153 3488 189 3553 (3)
223 3489 306 3554 τούτῳ
323 3491 378 3539 Par.

152 3567 188 3630 (4)
222 3566 303 3631 Vulgo
332 3568 394 3616 mule
411 3570 591 3633 προελθόντες.
625 3568 697 3625 Quod
713 3571 826 3634 reposui,
854 3574 958 3624 coniecit
974 3575 1024 3624 iam
1040 3573 1161 3629 Reieklus.
1192 3567 1256 3622 ΜΟΣ

119 3645 169 3694 eod.
187 3645 240 3694 Par.
257 3650 283 3694 et
298 3662 365 3695 meus
382 3648 432 3695 eod.
450 3648 470 3694 P
489 3646 589 3712 ἑτέροις.

153 3725 188 3789 (ό)
223 3725 314 3774 Addidi
331 3724 362 3785 δὴ
380 3726 409 3773 de
425 3741 486 3775 meo.
1028 3774 1030 3778 .

151 3803 186 3867 (6)
221 3802 304 3865 Vulgo
319 3807 375 3866 post
391 3808 492 3855 τοιαῦτα
508 3803 571 3852 male
587 3805 709 3854 redundet
726 3806 827 3869 λέγειν,
845 3809 909 3871 quod
925 3810 1012 3861 delevi

151 3879 186 3944 (7)
220 3878 315 3943 Vulgo:
344 3882 376 3930 τὰ
404 3881 428 3930 δὲ
451 3881 512 3940 τέλη
530 3884 650 3941 πλείονος
668 3885 795 3948 ἁμαρτίας
813 3888 912 3950 πλήρη.
945 3886 1014 3943 Quae
1030 3888 1104 3940 verba
1120 3890 1196 3954 edidi,
1228 3875 1259 3925 ul

117 3958 259 4020 corrigenda
275 3973 326 4007 esse
343 3959 466 4021 perspexit
483 3958 605 4008 Reislrius.

151 4034 187 4100 (8)
221 4034 279 4084 Tria
295 4035 383 4086 ultimo
399 4037 518 4087 vocabule
534 4040 644 4098 suspecta
660 4038 720 4087 mihi
737 4045 800 4090 sunt.
1183 4041 1201 4069 ⁴

150 4113 186 4179 (9)
221 4114 318 4163 inserui
334 4119 374 4167 όν.

150 4192 202 4258 (10)
237 4194 276 4242 Ita
292 4195 361 4244 Amb.
395 4196 477 4259 Vulgo
495 4198 527 4246 τὰ
545 4196 639 4247 πάντα.
657 4195 725 4246 illud
741 4198 847 4261 praetuli
860 4198 891 4249 ob
901 4215 1054 4268 praegressa:
1072 4209 1163 4260 πάντα
1174 4197 1252 4268 δηλίν

116 4291 169 4324 σειν
187 4272 369 4337 ὑποσχόμενος.

149 4351 201 4416 (11)
236 4352 397 4416 κεχαρμένην
414 4353 441 4402 in
457 4368 532 4416 marg.
551 4351 625 4403 Paris.
642 4355 704 4404 lule

148 4427 203 4493 (12)
239 4426 321 4492 Vrdgo
339 4428 381 4497 ἀφ’
399 4429 441 4483 ὧν.
476 4428 550 4487 Quod
566 4428 669 4499 deust
