2754 5018
668 257 712 323 58

544 477 708 556 CAPUT
737 479 825 556 XIV·

164 664 327 748 Πρόσωπα
357 658 389 728 δὲ
418 661 491 747 παρ’
514 661 598 747 αὐτῷ
619 662 659 726 τὰ
680 662 848 748 πράγματα
870 666 1033 748 γέγνεται,
1055 665 1185 751 καθάπερ
1202 671 1227 734 έν

119 767 157 850 τῇ
181 767 362 850 Κορινθέωυ
384 763 466 849 πρὸς
490 759 754 845 Λακεδαιμονέους
778 759 952 848 δημηγορίᾳ
974 767 1118 850 γέγονεν.
1132 765 1226 840 Ἀἔιιῖν

120 865 183 951 γὰρ
207 869 225 929 ὁ
249 868 424 950 Κορίνθιος
445 866 520 940 τοὺς
542 867 776 949 προεστηκότας
790 873 846 939 τῆς
863 864 1117 941 Πελοποννήσου
1131 867 1225 952 φυλέτ-

119 993 192 1036 τειν.
213 965 308 1040 αὐτῆς
340 965 377 1029 τὸ
410 962 531 1046 ἀξίωμα
564 964 645 1049 πρὸς
670 964 727 1038 τὰς
751 960 809 1037 ἔξω
832 963 964 1044 πόλεις,
987 967 1058 1032 οἷον
1080 965 1161 1051 παρὰ
1179 972 1226 1032 τών

33 1139 36 1146 ⁸
119 1069 260 1151 πατέρων
281 1062 492 1151 παρέλαβον,
513 1070 609 1128 ταῦτα
627 1061 665 1144 ti)
691 1061 774 1148 λέγει
810 1067 934 1151 »Πρὸς
965 1064 1050 1133 τάδε
1082 1064 1227 1152 βουλιώ-

120 1165 194 1231 εσθ’
228 1165 291 1243 εὖ,
322 1169 384 1230 καὶ
413 1165 485 1240 τὴν
521 1163 833 1239 Πελοπόννησον
862 1169 1042 1252 πειρᾶσθε
1070 1169 1118 1249 μὴ
1141 1165 1228 1232 itic-

120 1295 169 1332 σω
184 1263 221 1346 ti)
251 1264 476 1350 ἐξηγεῖσθαι
506 1263 585 1339 ἢοῖ
608 1268 773 1351 πατέρες
796 1267 882 1348 ὑμῖν
905 1264 1158 1352 παρέδοσαυ.”
1196 1268 1229 1331 Ti

119 1364 179 1453 γιῖρ
202 1364 425 1452 ἐξηγεῖσθαι
448 1371 507 1431 νῦν
529 1367 660 1430 τέθεικεν
683 1367 731 1429 ἐπὶ
753 1370 810 1429 τοῖν
833 1366 984 1453 προάγειν
1000 1366 1059 1442 έὲω
1074 1370 1132 1444 τὴν
1148 1366 1232 1433 Πελα-

119 1468 284 1541 πόυνησον
305 1467 503 1550 ἡγουμένους
524 1465 629 1543 αὐτῆς.
676 1471 778 1529 Τοῦτο
802 1461 833 1530 δὲ
855 1472 893 1552 τῇ
915 1469 1005 1553 χώρα
1019 1474 1075 1548 μὲν
1092 1466 1235 1534 ἀδύνατον

119 1572 159 1645 ἤν
188 1565 371 1654 συμβῆναι,
399 1572 437 1654 τῇ
466 1564 498 1632 δέ
521 1563 599 1653 δόξῃ
622 1571 670 1630 καὶ
693 1574 761 1642 τοῖς
783 1567 944 1654 πράγμασι
967 1579 1034 1648 τοῖς
1057 1576 1126 1657 περὶ
1151 1572 1236 1647 αὐτὴν

120 1671 301 1757 ὑπάρχουσι
335 1666 484 1736 δυνατόν·
518 1673 566 1734 καὶ
600 1666 752 1753 βούλεται
781 1675 874 1734 τοῦτο
897 1667 1027 1746 δηλοῦν.
1074 1674 1237 1758 Πράγματα

120 1769 147 1838 δ’
161 1772 229 1837 ἀντὶ
253 1770 407 1853 σωμάτων
429 1769 467 1836 τό
488 1768 608 1834 τοιαῦθ’
631 1769 682 1833 ὑπ’
706 1769 803 1834 αὐτοῦ
826 1773 983 1855 γίγνεται·
1006 1770 1130 1858 λέγεται
1145 1769 1171 1838 δ’
1185 1773 1237 1837 ὑπὸ

117 1878 174 1937 τοῦ
191 1874 372 1956 Κορινθίων
390 1869 427 1951 (5)
452 1869 649 1956 πρεσβευτοῦ
672 1872 755 1956 πρὸς
779 1868 1043 1954 Λακεδαιμονίους
1060 1879 1239 1960 συγκρίνον-

118 1999 174 2050 τος
196 1969 280 2036 τότ’
301 1974 482 2049 Ἀθηναίων
505 1976 553 2036 καὶ
577 1968 843 2052 Λακεδαιμονίων·
875 1977 945 2037 »Oi
967 1976 1034 2055 μέν
1056 2002 1099 2060 γε
1122 2001 1240 2040 νεωτε·

119 2077 271 2160 ροποιοὶ
294 2078 354 2138 καὶ
377 2076 582 2148 ἐπινοῆσαι
605 2071 736 2149 ὀξεῖς,
761 2077 817 2137 καὶ
840 2072 1056 2139 ἐπιτελέσαι
1081 2072 1240 2161 έργῳίέ),

119 2174 138 2239 ὃ
169 2172 212 2238 ἂν
241 2177 404 2259 γνώσιν·
438 2174 549 2255 ὑμεῖς
581 2169 619 2237 δὲ
641 2172 682 2238 τό
706 2174 941 2259 ὑπόρχουτό
967 2203 1003 2239 τε
1026 2175 1166 2250 σώζειν
1188 2179 1240 2240 καὶ

120 2276 331 2359 ἐπιγνῶναι
377 2269 517 2355 μηδὲν,
565 2278 622 2339 καὶ
664 2273 760 2359 ’έργιρ
802 2271 892 2340 οὐδὲ
929 2276 1142 2361 τάναγκαῖα
1180 2274 1240 2350 {Et-

120 2375 287 2441 κέσθαι.”
339 2379 442 2463 Μέχρι
474 2380 530 2458 μὲν
560 2369 667 2454 cdvii)
703 2377 824 2440 τοέιτων
850 2377 887 2440 τὸ
918 2385 1024 2461 σχῆμα
1054 2386 1110 2455 τῆς
1133 2375 1241 2452 λέξεως

120 2475 212 2550 σώζει
232 2479 291 2551 τὴν
311 2476 528 2552 ἀκολουθίαν,
550 2476 594 2550 ὡς
616 2478 665 2540 ἐπὶ
687 2475 868 2560 προσώπων
890 2477 1074 2562 ἀμφοτέρων
1097 2483 1239 2562 κείμενον·

72 2633 73 2637 ,
120 2577 220 2644 ’ἔπειτα
248 2575 274 2643 δ’
291 2573 329 2658 (ὅ)
365 2579 589 2664 ἀποστρέφεται
616 2576 691 2642 κατὰ
715 2580 851 2664 θάτερον
872 2584 937 2644 ταῖν
957 2585 1061 2665 μεροῖν
1084 2585 1103 2646 ὁ
1127 2579 1240 2667 λόγος,

121 2679 207 2744 κάντὶ
230 2683 293 2744 τών
316 2679 470 2764 σωμάτων
492 2682 621 2765 πρῖιγμα
643 2681 784 2765 γίγνεται
806 2677 845 2743 τό
856 2675 894 2759 (7)
918 2686 986 2766 περὶ
1011 2684 1086 2756 τοὺς
1103 2678 1240 2748 Λακεδαι·

120 2782 269 2862 μονέους,
291 2781 368 2844 όταν
391 2784 445 2866 φῇ·
483 2779 637 2853 »Αὖθις
667 2775 749 2844 δὀἱ
777 2783 845 2862 μὲν
875 2785 934 2845 καὶ
957 2780 1060 2867 παρὰ
1083 2779 1240 2865 δόναμιν

121 2876 305 2962 τολμηταὶ
344 2884 406 2945 καὶ
445 2878 548 2965 rupti
587 2881 744 2965 γνώμην
778 2876 1018 2947 κινδυνευταὶ
1054 2884 1124 2949 κάν
1157 2891 1239 2956 τοῖς

121 2974 264 3058 δεινοῖς
307 2977 515 3054 εὐέλπιδες·
548 2978 585 3045 τὸ
615 2976 642 3045 δ’
664 2981 847 3065 ὑμέτερον
877 2990 945 3056 τῆς
977 3010 1012 3048 τε
1047 2980 1240 3068 δυνάμεως

120 3075 233 3146 ἐνδεᾶ
271 3077 424 3166 πρᾶξαι
452 3089 519 3155 τῆς
552 3107 588 3146 τε
617 3081 771 3167 γνώμης
802 3078 895 3163 μηδὲ
936 3091 1019 3159 τοῖς
1049 3081 1240 3170 βεβαίοις

119 3187 350 3257 πιστεῦσαι,
373 3183 448 3245 τών
471 3174 566 3260 δὲέ8)
599 3177 737 3246 δεινοῖν
759 3177 941 3263 μηδέποτ’
971 3181 1127 3248 οἴεσθαι
1158 3183 1239 3249 ἀπο·

154 3395 191 3461 (l)
226 3397 302 3447 τοῦτο
319 3397 353 3447 Μ.
387 3397 466 3448 Locus
482 3402 519 3447 est
536 3398 610 3448 Thue.
627 3396 657 3460 Ι,
674 3399 711 3451 71.

157 3472 192 3539 (2)
227 3473 268 3523 lta
295 3474 350 3523 dedi
375 3490 388 3523 c
413 3476 523 3540 Thucyd
550 3476 582 3526 ii
600 3473 677 3526 Oodd.
693 3476 741 3524 mci
758 3474 860 3525 ALMR.
876 3475 1003 3539 ἔλασσον;
1019 3477 1108 3543 reliqui
1123 3478 1240 3537 ἔλαττον,

120 3558 149 3601 ut
173 3551 248 3615 uulgo
276 3552 395 3602 scribitur.
429 3553 514 3604 Minus
533 3560 599 3604 recte
616 3553 743 3604 ἐλάττονα
761 3553 894 3619 Dionysius
910 3556 1031 3619 scripsisse
1047 3557 1149 3607 videtur
1168 3557 1240 3605 Krue·

122 3647 186 3697 gero,
225 3630 292 3680 Solet
319 3631 385 3680 enim
407 3649 503 3684 servare
530 3633 681 3698 Thucydidis
704 3633 906 3698 orthographiam.
940 3635 1000 3684 Mox
1016 3639 1072 3699 post
1089 3636 1197 3702 πατέρες
1211 3634 1240 3684 M.

123 3711 205 3762 omisit
220 3726 287 3774 prou
305 3709 372 3774 ὑμῖν.
1128 3748 1130 3753 -

155 3790 191 3857 (3)
227 3788 267 3838 Ita
282 3789 330 3838 mci
348 3789 441 3841 ABLR„
474 3790 556 3854 Vulgo
573 3791 720 3856 Κορινθίου.

155 3868 192 3934 (4)
225 3867 277 3917 Ona
294 3868 359 3933 ἔργῳ
376 3866 411 3919 Μ.
445 3869 570 3934 Thuc.I‚
588 3869 844 3935 raumaricae.

156 3946 192 4012 (ὅ)
226 3947 272 3998 οὖν
289 3962 337 3997 om.
355 3945 390 3996 M.

153 4023 191 4089 (6)
224 4024 261 4074 Βο
277 4040 331 4074 mco
346 4024 438 4074 inserui
453 4025 599 4088 particulam
614 4027 801 4080 adversativam.

155 4103 192 4171 (7)
225 4104 261 4154 Dc
281 4105 419 4156 coniectura
433 4105 527 4156 inserui
541 4107 683 4171 articulem,
705 4124 778 4172 quem
794 4108 945 4172 absorpserat
961 4112 1038 4160 cauda
1054 4111 1167 4163 vocabuli
1181 4127 1242 4176 prae·

123 4184 237 4234 cedentis.

157 4259 193 4330 (8)
227 4262 304 4314 Thuc.
320 4262 355 4314 1.1.
374 4281 406 4314 τε.
438 4263 530 4315 Noster
545 4281 595 4330 cap.
614 4265 709 4330 XVII,
725 4269 736 4334 d
753 4271 768 4318 2
785 4269 824 4332 di,
842 4275 871 4320 ut
887 4269 934 4322 hic.
967 4269 1000 4319 ln
1012 4270 1244 4324 ALMRvocabula:

124 4342 177 4389 τῶν
204 4338 476 4401 δὲ-ἀτολυθὴσεσθαι
503 4344 677 4395 desiderantur.
711 4346 744 4394 Et
773 4363 831 4397 sane
857 4347 911 4398 fleri
926 4352 1022 4412 potest,
1049 4352 1078 4398 ut
1093 4349 1245 4413 postmodca

125 4416 230 4471 librariis
247 4419 357 4483 suppleta
372 4419 422 4471 sint
437 4437 451 4472 e
468 4418 616 4489 Thucydide.
