2754 5018
59 149 172 223 κοινὴν
206 151 354 232 φέρουσιν
388 146 561 232 ὠφέλειαν,
596 151 848 233 ἓπανορθοῦντες
881 149 954 230 ἡμῖν
973 144 1011 224 (ί)
1047 142 1145 231 βίους
1167 174 1198 210 τε

57 253 108 311 καὶ
145 248 288 333 λόγους,
323 251 382 333 ἐρῶ
405 269 476 312 σοι·
512 254 560 313 καὶ
599 253 721 324 ποιήσω
755 276 789 312 σε
806 245 845 326 (2)
877 250 915 324 νὴ
941 252 1001 313 Δία
1023 248 1197 321 πιστεόειν,

55 348 106 426 ἐμὲ
139 348 247 411 καινὸν
278 345 370 412 οὐδὲν
402 351 551 432 εἰρηκέναι
583 346 655 413 οὐδὲ
678 346 883 432 παράδοξον,
906 344 974 411 οὐδ’
997 347 1015 410 ὃ
1037 347 1079 428 μὴ
1102 348 1199 410 πᾶσιν

55 448 179 526 ὁμοίως
202 444 295 511 δοκεῖ.

102 543 189 629 Ἐγὼ
224 544 282 608 οὖν
307 545 425 625 νομίζω
444 545 511 624 (l),
540 550 618 610 όταν
640 553 696 628 μὲν
720 547 848 611 ἔπαινον
872 545 1043 631 προέληται
1065 546 1197 630 γράφειν

51 671 102 716 τις
121 643 162 720 (i)
193 646 379 729 πράγματος
416 647 472 712 είτε
513 649 659 728 σώματος
691 650 929 731 ὁποιουγίτινος
949 643 1010 724 (5),
1041 647 1099 719 τὰς
1122 643 1191 729 ἆρε·

51 742 112 818 τὰς
147 743 244 807 αὐτὸν
262 742 303 821 (ll)
336 749 383 809 καὶ
409 747 446 810 οὐ
469 746 689 831 τάτυχήματα,
721 746 745 810 εί
768 773 837 810 τινα
859 747 1017 829 πρόσεστι
1036 741 1100 821 (7),
1135 740 1200 808 δεῖν

39 846 244 927 προφέρειν·
283 847 359 909 όταν
395 844 427 910 δὲ
463 844 616 933 βουληθῇ
653 844 847 930 διαγνῶναι,
893 849 924 908 τί
956 846 993 907 τὸ
1033 845 1200 928 κράτιστόν

52 946 141 1007 3le
159 940 198 1021 (8(
223 947 255 1009 ἐν
279 944 457 1029 ὁτῳδήποτε
478 945 558 1033 βίιρ,
581 951 629 1012 καὶ
652 951 683 1011 τί
698 948 734 1011 τὸ
752 945 926 1028 βέλτιστον
941 949 1008 1008 τῶν
1026 945 1088 1008 ὑπὸ
1102 944 1198 1007 ταύτὸ

52 1047 154 1127 ’γένος
191 1045 311 1130 ἔργον,
349 1048 405 1122 τὴν
439 1047 671 1133 ἀκριβεστάτην
703 1045 841 1120 ἐξέτασιν
876 1047 1032 1110 ποιεῖσθαι
1050 1040 1111 1123 (il),
1150 1047 1199 1107 καὶ

44 1141 153 1224 μηδὲν
175 1146 378 1230 παραλείπειν
400 1151 464 1212 τῶν
487 1151 677 1233 προσόντων
702 1149 811 1220 αὐτοῖς
834 1147 890 1211 είτε
914 1148 1016 1210 κακῶν
1041 1143 1093 1209 είτ’
1117 1145 1194 1228 ἀγα·

53 1246 138 1307 θῶν.
185 1244 224 1308 ‘H
263 1248 326 1330 γὰρ
360 1246 491 1321 ἀλήθεια
529 1249 630 1324 οὕτως
659 1251 828 1332 εὑρίσκεται
849 1246 1005 1328 μάλιστα,
1043 1248 1080 1323 ἧς
1104 1240 1196 1308 οὐδὲν

55 1356 164 1429 χρῆμα
194 1346 383 1429 τιμιώτερον.
430 1353 533 1412 Τοῦτο
556 1346 593 1423 δὴ
612 1349 672 1426 (ill)
705 1351 902 1431 προθέμενος
926 1349 1023 1410 ἐκεῖνο
1041 1342 1148 1428 λέγω·
1174 1347 1198 1407 εί

53 1451 114 1526 μὲν
151 1444 215 1509 ἐ’στι
236 1474 288 1525 μοι
311 1447 386 1510 κατὰ
413 1448 590 1522 Πλάτωνος
613 1448 717 1533 λόγος
740 1475 788 1522 τις
819 1444 1018 1530 καταδρομὴν
1040 1447 1195 1528 περιέχων

53 1542 196 1629 τάνδρὸς
223 1542 266 1622 (ll
296 1594 303 1620 ‚
340 1548 443 1630 ὥσπερ
480 1545 589 1633 Ζωίλιρ
623 1555 667 1632 τη]
700 1545 830 1632 ῥήτορι,
870 1540 999 1630 ἀσεβεῖν
1025 1539 1083 1621 (ίῖ)
1125 1547 1198 1622 ὁμο-

56 1644 171 1728 λογῶ,
195 1550 342 1724 ouidii),
376 1647 400 1710 εί
423 1675 457 1731 γε
481 1644 661 1731 βουληθεὶς
684 1648 839 1731 ἐγκώμιον
864 1646 960 1709 αὐτοῦ
984 1646 1117 1729 γράφειν
1140 1643 1198 1724 φό·

56 1770 140 1826 γους
159 1741 219 1822 (Μ)
254 1746 343 1819 τινὰς
375 1745 593 1830 ἐγκαταπλίκια
627 1755 696 1821 τοῖς
719 1749 868 1820 ἐπαίνοις.
906 1745 954 1808 Οὐ
978 1745 1041 1829 γὰρ
1065 1746 1111 1807 ὅτι
1135 1740 1198 1806 δια·

56 1840 170 1926 βολὰς
204 1842 307 1925 οίοραι
337 1841 401 1908 δεῖν
433 1846 566 1929 γράφειν
601 1848 634 1909 ἐν
654 1846 784 1923 αὐτοῖς,
817 1843 892 1909 ἀλλ’
915 1840 984 1907 οὐδ’
1008 1841 1199 1924 ἀπολογίας.

64 1945 102 2006 Ei
136 1939 167 2006 δὲ
202 1953 401 2028 χαρακτῆρας
424 1942 531 2028 λόγου
554 1946 771 2030 προελόμενος
796 1952 924 2009 σκοπεῖν
947 1947 995 2007 καὶ
1019 1945 1094 2014 τοὺς
1116 1967 1200 2024 πρω-

58 2043 210 2119 τεύοντας
233 2045 266 2106 ἐν
288 2044 397 2117 αὐτοῖς
419 2042 621 2130 φιλοσόφους
642 2073 674 2109 τε
698 2049 747 2109 καὶ
765 2043 910 2130 ῥήτορας
924 2040 1076 2116 ἐξετάζειν
1087 2090 1096 2117 ,
1119 2050 1201 2124 τρεῖς

94 2351 132 2416 (1)
168 2352 250 2415 Vulgo
268 2353 351 2416 ἡμῶν,
370 2355 434 2418 qnod
451 2354 550 2403 correxi.

96 2432 132 2498 (2)
167 2431 207 2481 Ita
223 2433 252 2482 (le
269 2434 408 2483 coniectura
424 2435 534 2497 rescripsi
551 2450 593 2497 pro
611 2437 689 2484 πείσω
707 2451 746 2498 γε,
763 2432 850 2482 deinlo
867 2434 923 2481 ente
940 2427 1136 2503 sarvivwinserui
1147 2427 1201 2490 ἐμέ,

60 2515 159 2561 mutata
174 2511 201 2560 in
218 2514 342 2576 εἰρηκέναι
359 2514 470 2563 codicum
487 2515 607 2576 scriptura
623 2511 719 2575 εὑρεῖν,
738 2527 812 2575 quam
828 2511 855 2559 iu
871 2511 938 2575 ἐρεῖν
953 2513 1106 2571 praepostere
1121 2510 1200 2554 muta·

60 2593 99 2642 vit
120 2591 241 2642 Reiskins.

94 2670 132 2733 (3)
166 2667 282 2732 Expunni
297 2671 360 2732 δεῖν,
378 2672 442 2735 quod
460 2670 605 2735 sequebatur
620 2672 675 2732 post
692 2669 815 2732 νομίζειν,
833 2667 931 2716 iubente
948 2663 1052 2713 Reislrio

94 2747 131 2811 (4)
167 2748 286 2797 Additum
307 2749 391 2798 malim
408 2750 469 2810 εἴτε,
497 2751 563 2813 quod
580 2747 697 2798 facillime
714 2753 769 2810 post
798 2747 932 2811 γράφειν
960 2761 1010 2800 τις
1034 2741 1142 2789 excidero
1157 2756 1200 2801 po-

60 2829 118 2877 tnit.
155 2829 202 2877 Sed
218 2829 273 2877 vide
291 2829 420 2880 Heindorf.
439 2830 469 2878 nd
488 2830 550 2879 Plat.
570 2829 642 2891 Soph.
660 2827 671 2890 (
689 2829 726 2875 21.

93 2906 131 2970 (5)
165 2905 366 2970 &speraveram
382 2910 630 2972 όπαιουγετινοσσῦν,

93 2983 131 3047 (6)
165 2982 246 3047 Vulgo
263 2986 350 3034 αὐτοῦ.
386 2984 473 3033 Verius
491 2993 551 3048 puto
567 2986 605 3044 id,
624 2986 689 3048 quod
702 2983 804 3048 reposui.

94 3063 133 3127 (7)
168 3063 255 3126 Omisi‚
272 3065 337 3127 quod
353 3064 451 3112 additur
467 3063 494 3111 in
511 3066 581 3114 codd.
600 3065 760 3113 manifestum
781 3062 913 3112 emblema:
932 3064 967 3125 τῷ
986 3059 1118 3123 πράγματι
1136 3056 1201 3118 (τῷ

59 3142 168 3204 σώματι.
203 3141 330 3189 Praeterea
347 3156 403 3190 oum
421 3141 518 3189 nennio
536 3144 555 3189 εἴ
574 3160 633 3192 τινα.
650 3142 705 3189 dedi
722 3156 765 3202 pro
783 3141 802 3188 εί
821 3157 851 3187 τι.

94 3218 132 3284 (8)
166 3217 262 3269 luserui
280 3222 365 3283 ἐστιν,
382 3222 446 3285 quod
463 3221 603 3283 absorptum
619 3235 671 3269 esse
687 3224 747 3282 puto
767 3219 842 3267 cauda
858 3214 1022 3280 praecedent-is
1035 3209 1150 3261 vocabuli.

92 3294 130 3360 (9)
165 3295 246 3360 Vulgo
263 3302 407 3363 προφέρειν,
426 3300 488 3348 mals
506 3299 637 3362 nopotitnm
653 3316 667 3348 e
684 3297 836 3360 praegressis.
868 3295 991 3343 Audacter
1008 3288 1118 3353 reposui,
1136 3287 1200 3350 quod

58 3375 131 3424 unice
149 3390 233 3423 verum
249 3393 299 3426 esse
316 3377 425 3427 arbitror.
460 3378 519 3427 Mon
531 3378 629 3440 dubito,
647 3392 679 3426 an
689 3375 825 3438 genuinum
837 3374 869 3422 sit
880 3386 1014 3434 pronomen
1022 3371 1123 3429 αὐτοῖς,
1135 3365 1200 3429 quod

58 3454 145 3502 abesse
163 3453 250 3502 malim.

92 3529 148 3597 (10)
183 3533 222 3581 Sio
236 3536 302 3581 recte
320 3533 403 3594 Amb.;
424 3533 499 3597 vulgo
516 3537 592 3584 ταῦτα
610 3532 641 3582 δέ.

92 3608 149 3674 (11)
182 3608 265 3674 Vulgo
286 3614 330 3661 τοῦ
347 3612 447 3675 ἀνδρὸς.

91 3687 145 3752 (12)
180 3690 228 3737 Pro
254 3689 357 3751 ἀσεβεῖν
384 3689 471 3754 aliquis
499 3688 641 3751 praetulerit
670 3689 783 3750 ἀδικεῖν,
814 3687 881 3752 quod
901 3688 930 3735 do
947 3684 1079 3734 confitente
1096 3696 1137 3729 roo
1154 3679 1200 3729 sol·

55 3767 140 3816 lemne
158 3773 200 3816 est.
234 3767 287 3830 Ego
303 3768 366 3816 nihil
382 3767 535 3818 mutaverim.

92 3843 147 3909 (13)
180 3842 247 3893 Num
262 3844 326 3894 forte
342 3849 384 3895 καὶ
403 3845 446 3910 (vr)
465 3844 535 3909 Δία),
557 3847 576 3893 εί
593 3863 621 3910 γε
637 3846 701 3895 xri?

92 3921 146 3986 (14)
182 3921 221 3971 Ita
237 3937 267 3970 ex
283 3922 384 3984 ingenio
400 3922 509 3984 rescripsi
525 3939 569 3985 pro
587 3925 697 3989 λόγους,
727 3924 816 3973 omisso
833 3924 927 3987 νόμους
944 3922 998 3982 post
1015 3917 1129 3971 ἐπαίνοις
1146 3928 1200 3962 oum

57 3999 129 4048 Amb.
159 3999 260 4064 Ψόγους
284 4001 461 4050 rescribendum
485 4016 536 4051 esse
553 4003 602 4051 ium
620 4018 670 4050 non
686 4003 760 4051 latuit
777 3999 915 4061 Rabirium,
933 3997 973 4047 cni
990 3997 1116 4045 obsecutus
1133 4007 1200 4054 prae·

57 4088 128 4129 terea
145 4078 202 4127 dedi
219 4078 400 4144 ἐγκαταπλίκω
416 4097 460 4143 pro
476 4082 696 4146 συγκαταπλέκω,
714 4083 833 4147 probante
849 4081 922 4130 etiam
938 4079 1070 4140 Kruegero.
