2754 5018
658 263 702 334 oc

117 448 209 539 βολὴ
226 449 265 533 (ί)
292 456 357 520 τῶν
388 451 501 536 μεταξὺ
534 456 746 542 πραγμάτων,
767 454 904 524 πολλῶν
926 459 1050 538 ὄντων,
1073 460 1177 548 ιἰσαφῆ
1196 469 1237 529 καὶ

119 550 462 641 δυσπαρακολούθητον
491 560 657 633 πεποίηκεν
684 591 729 606 -··
754 563 803 624 καὶ
839 560 952 645 ἡπερὶ
972 570 1033 637 τῆς
1058 562 1238 647 Εύρυσθίυς

118 657 280 739 στρατείας
312 656 360 719 ἐπὶ
389 656 447 731 τὴν
479 656 623 734 Ἀττικὴν
654 653 721 734 ἥδε·
741 655 779 738 β)
829 659 1086 745 »Εὐρυσθέως
1118 665 1182 742 μὲν
1208 664 1238 728 ἐν

118 759 160 840 τῇ
202 753 352 841 Ἀττικῇ
394 755 470 820 ὑπὸ
513 761 589 821 τῶν
625 753 896 842 Ἡρακλειδῶν
931 759 1239 839 ἀποθανόντος,

118 853 289 941 Ἀτρέως
323 853 363 921 δὲ
398 856 543 941 μητρὸς
572 853 750 943 ἀδελφοῦ
786 860 908 935 ὄντας
941 860 1046 947 αὐτῷ
1081 865 1143 927 καὶ
1175 863 1239 927 ἐπι·

118 958 337 1041 τρίψοντος
369 956 625 1041 Εὐρυσθέως,
659 958 710 1023 ὅτ’
744 959 966 1046 ἐστράτευε,
1003 963 1241 1037 Μυκήναςτε

119 1061 176 1122 καὶ
209 1058 277 1132 τὴν
306 1056 426 1142 ἀρχὴν
456 1057 544 1122 κατὰ
572 1057 613 1121 τὸ
642 1061 784 1125 οίκεῐον
816 1060 953 1146 Ἀτρεί·
983 1059 1240 1148 τυγχάνεινδ

118 1157 235 1224 αὐτὸν
268 1159 456 1244 φεύγοντα
484 1159 553 1224 τὸν
585 1161 724 1244 πατέρα
751 1156 812 1226 διὰ
834 1163 901 1227 τὸν
925 1166 1163 1247 Χρυσίππου
1185 1165 1240 1228 θό-

118 1276 245 1325 νατον·
269 1262 325 1323 καὶ
349 1253 444 1336 ῶς(5)
469 1256 587 1323 οὐκέτ’
611 1256 851 1345 ιἰνεχιύρησευ
875 1261 1131 1347 Εὐρυσθεὺς,
1161 1262 1241 1349 βου·

117 1355 294 1441 λομίνων
322 1361 379 1423 καὶ
400 1361 476 1424 τῶν
499 1362 742 1439 Μυκηναίων,
765 1359 876 1448 φόβιρ
898 1365 970 1426 τῶν
992 1360 1241 1449 Ἡρακλειδῶν

118 1465 178 1526 καὶ
211 1459 285 1544 ἅμα
317 1455 482 1526 δυνατὸν
512 1456 681 1526 δοκοῦντ’
705 1460 805 1528 εἶναι
827 1468 885 1528 καὶ
907 1464 951 1530 τὸ
974 1463 1131 1540 πλῆθος
1152 1469 1241 1532 τεθε·

117 1564 346 1648 ραπευκότα,
379 1564 456 1626 τῶν
490 1565 723 1639 Μυκηναίων
745 1591 785 1629 τε
808 1569 867 1630 καὶ
891 1566 994 1631 ὅσων
1018 1565 1242 1654 Εὐρυσθεύς

117 1660 1048 1752 conuectum’crofavaeaiaccv‘zc

541 1834 716 1914 cinon
743 1837 833 1917 nu.

160 1976 217 2041 Ἐν
250 1975 300 2053 οἷς
333 1972 364 2042 δὲ
387 1973 425 2057 (5)
461 1974 573 2043 σκολιὰ
602 1980 651 2043 καὶ
680 1975 892 2054 πολύπλοκος
915 1982 964 2044 καὶ
989 1976 1240 2058 δυσεξέλικτος(

117 2081 182 2142 τῶν
218 2079 443 2158 ἐνθυμημάτων
478 2079 647 2154 κατασκευὴ
684 2082 847 2164 γίγνεται,
880 2084 996 2144 τούτου
1033 2079 1093 2145 τὸν
1130 2084 1242 2167 τρόπον

118 2175 181 2263 ’ἕχει
204 2172 242 2256 (6)
273 2176 347 2262 παρ’
386 2177 479 2265 αὐτῷ.
526 2186 630 2244 Κεῖται
660 2173 687 2244 δ’
702 2180 735 2244 ἐν
766 2184 811 2265 τι)
842 2181 990 2265 ἐπιταφίῳ
1025 2181 1045 2254 ἡ
1079 2178 1169 2257 λέξις
1188 2180 1240 2263 (7)·

121 2278 220 2352 »Τὴν
251 2273 289 2341 δὲ
322 2280 398 2342 τῶν
428 2280 616 2345 ἐναντίων
649 2282 837 2365 τιμωρίαν
866 2283 1158 2367 ποθεινοτέραν
1185 2282 1241 2347 αύ-

118 2381 193 2444 τῶν
223 2375 430 2466 λαβόντες
459 2384 522 2445 καὶ
549 2375 754 2446 κινδύνων
782 2379 860 2465 ίίμα
882 2377 998 2447 τόνδε
1022 2380 1241 2449 κάλλιστον

119 2481 362 2562 νομίσαντες
384 2477 727 2566 ἐβουλήθησανβ)
752 2483 842 2559 τοὺς
864 2484 938 2564 μὲν
960 2488 1241 2569 τιμωρεῖσθαι,

119 2582 196 2644 τῶν
230 2576 257 2645 δ’
278 2580 494 2666 ἀφίεσθαι,
523 2578 666 2647 ἐλπίδι
695 2585 764 2662 μὲν
798 2580 982 2667 τᾶφανές
1012 2587 1081 2648 τού
1115 2611 1241 2669 κατορ·

119 2681 271 2748 θώσειν
305 2683 616 2766 ἐπιτρίψαντες,
649 2680 753 2767 ’ἔργῳ
784 2677 824 2746 δὲ
853 2685 946 2766 περὶ
978 2687 1034 2746 τοῦ
1058 2678 1132 2759 ἤδη
1155 2687 1243 2770 ὁρω-

121 2821 249 2835 ——

154 2879 190 2946 (l)
223 2879 265 2930 Ite
287 2877 398 2940 rescripsi
422 2876 452 2926 de
475 2877 611 2927 coniectura
626 2890 670 2938 pro
686 2874 811 2926 διάνοιαν.
845 2878 883 2940 Τῆ
899 2873 924 2924 δὲ
942 2868 1104 2939 παρεμβολῇ.
1123 2872 1243 2926 Rucldue:

120 2959 243 3010 διάνοιαν.
276 2956 307 3006 Ἤ
325 2957 350 3006 δὲ
366 2955 534 3022 παρεμβολῆς
549 2956 592 3005 ced
607 2954 643 3003 ite
657 2953 815 3004 inserendum
831 2955 958 3016 praetereo
973 2947 1039 3000 foret
1062 2953 1168 3016 αὐτήν
1192 2959 1243 3006 antu
1269 2982 1273 2996 .

121 3039 264 3098 πεποίηκεν.
298 3036 358 3085 Mox
383 3051 427 3099 pro
451 3037 575 3100 στρατιᾶς
600 3049 655 3084 oum
682 3030 805 3096 Stephano
820 3030 918 3094 repoeui
935 3030 1088 3094 στρατείας,
1116 3036 1183 3098 quod
1198 3050 1243 3085 non

119 3117 247 3178 usitatius,
274 3119 304 3164 ut
329 3113 456 3164 videbatur
483 3112 627 3178 Sylburgio,
654 3110 697 3160 eed
724 3125 752 3159 eo
780 3125 867 3174 sensu,
884 3109 927 3174 qui
942 3108 983 3159 hic
1000 3109 1150 3175 requiritur,
1169 3112 1243 3164 solum

121 3197 246 3247 Graecum
272 3193 399 3257 Στρατίας
416 3196 452 3241 eet
467 3191 494 3240 in
509 3189 538 3240 R.
564 3191 624 3241 Mox
639 3190 738 3240 malim:
755 3193 814 3251 τῆς
829 3190 872 3240 ἐπὶ
889 3191 939 3250 τὴν
954 3187 1086 3248 Ἀττικήν.

153 3274 190 3342 (2)
223 3271 370 3323 Duriueculc
391 3271 571 3322 substantivum
594 3270 776 3336 παρέμπτωσις
802 3271 917 3320 omissum
942 3271 1046 3322 videtur.
1083 3269 1243 3326 Arcteoutem

118 3357 182 3406 hunc
204 3352 331 3417 periodum
353 3351 427 3414 iunge
451 3366 507 3400 oum
531 3365 597 3403 voc:
622 3350 639 3411 ί)
657 3367 683 3400 τε
701 3349 815 3410 δηλοῦσα
832 3376 863 3387 -
880 3346 1039 3400 ἀποδιδοῦσα
1054 3350 1129 3403 initio
1147 3353 1241 3419 capitis,

119 3451 181 3501 quae
197 3434 271 3486 verbe
286 3431 358 3482 nimis
375 3431 448 3496 longo
463 3429 602 3494 parenthesi
617 3430 647 3480 eb
663 3428 712 3479 illie
729 3428 825 3479 divulso
839 3432 903 3478 eunt.
933 3425 1005 3483 Quod
1020 3445 1070 3495 quc
1079 3433 1167 3485 melius
1177 3450 1243 3501 eppe-

119 3519 198 3577 reret,
214 3513 308 3564 mutavi
323 3511 487 3576 distinguendi
503 3511 628 3561 rationem.
659 3510 720 3558 Mox
735 3511 791 3572 post
808 3506 960 3573 Εὐρυσθέως
977 3511 1066 3560 vocula
1081 3513 1129 3579 μέν
1145 3515 1243 3581 negligi-

119 3600 159 3645 tur
174 3593 202 3643 in
217 3591 289 3642 ABG.
653 3587 662 3602 ‘

152 3671 188 3738 (3)
221 3672 255 3730 ὡς
270 3686 316 3721 om„
334 3669 367 3721 M.

151 3752 187 3819 (4)
223 3752 298 3802 Thuc.
322 3749 348 3813 Ι,
374 3753 395 3801 9.
429 3749 487 3801 iure
507 3752 580 3802 huius
595 3750 688 3814 periodi
703 3748 923 3800 inconcinnitatem
940 3764 1040 3815 corpere
1056 3752 1119 3806 nihi
1134 3758 1243 3820 videtu,

120 3831 162 3893 qui
177 3831 204 3881 in
219 3830 292 3894 longo
307 3828 425 3894 plerisque
441 3828 549 3893 fallitur,
565 3829 662 3880 criticus
678 3828 905 3880 Helicamceseneie.

153 3912 189 3979 (5)
224 3913 276 3962 Om
292 3908 313 3958 B
330 3925 397 3962 voc:
413 3912 440 3962 tv
456 3911 494 3971 οἷς
511 3909 542 3962 oi.

153 3989 189 4056 (6)
223 3989 275 4040 Onu
292 3986 313 4037 B
329 3989 386 4056 ἔχει.
424 4033 426 4037 ,

154 4066 189 4134 (7)
223 4068 346 4120 Vocabulc
362 4072 442 4120 κεῖταί
453 4067 559 4127 *λέξις
576 4067 606 4117 ob
620 4064 703 4117 locum
717 4066 799 4116 minus
816 4065 912 4131 cptum',
930 4083 978 4134 quo
995 4064 1197 4140 interponuntur,
1214 4090 1242 4126 an

120 4144 218 4208 abipso
235 4145 353 4211 Dionysio
369 4146 451 4197 addite
468 4147 529 4210 sint,
546 4145 683 4197 subdubito.

153 4223 190 4291 (8)
223 4224 300 4275 Thuc.
317 4223 360 4286 II,
378 4226 408 4273 52
424 4227 488 4274 recte
504 4224 644 4274 inseruntur
655 4227 711 4274 ante
723 4223 784 4282 τούς
795 4222 914 4274 vocabule
924 4225 976 4288 μετ’
991 4226 1079 4277 αὑτοῦ.
1097 4227 1159 4280 Mox
1168 4232 1243 4294 recepi

119 4307 209 4356 certem
232 4304 353 4369 Popponis
379 4303 569 4354 emendationem
594 4302 723 4368 detectae,
749 4316 823 4365 quem
844 4301 936 4352 frustm
953 4303 1083 4368 impugnat
1098 4307 1243 4373 Kruegerue.

119 4381 178 4432 (tou.
194 4381 269 4434 Parte.
286 4385 302 4432 2
319 4378 430 4435 enhn'bere
446 4380 535 4433 dicitur
551 4379 674 4446 ὑφίεσθαι.
706 4378 767 4428 Mox
784 4379 975 4444 τιμωρήσασθαι
996 4380 1031 4446 0,
1048 4383 1090 4433 ced
1105 4385 1132 4434 in
1150 4398 1243 4453 mgyp.

120 4465 290 4530 τιμωρεῖσθαι.
525 4473 529 4483 “
