2754 5018
743 244 786 312 16

200 434 237 502 τά
268 437 337 500 τότε
360 433 527 520 συμβάντα
550 432 741 511 διεξελθὼν,
765 431 935 508 διεξελθὼν
959 435 991 504 δὲ
1014 444 1062 504 καὶ
1085 444 1161 514 τοὺς
1183 439 1339 526 ῥηθέντας

202 537 253 621 ὑφ’
280 539 390 600 ἑαυτοῦ
413 534 536 620 λόγους
560 537 608 599 ἐπὶ
632 542 686 608 τῆς
711 533 899 612 ἐκκλησίας,
924 543 971 601 καὶ
998 540 1042 613 ὡς
1063 536 1267 623 πρεσβευτὴς
1290 542 1339 606 ὑπ’

202 625 383 709 Ἀθηναίων
416 638 460 709 εἰς
484 631 600 719 Θήβας
622 635 783 718 ἐπέμφθη,
816 640 912 698 ταῦτα
934 637 1010 702 κατά
1032 636 1119 711 λέξιν
1143 641 1338 714 ἐπιτίθησιν·

205 735 290 812 »Ὡς
324 732 400 814 δ’(ί)
425 734 640 820 ἀφικόμεθ’
676 736 730 811 είς
752 732 822 807 τός
846 733 1011 820 Θήβας,
1035 736 1340 822 κατελαμβάνο-

201 863 271 917 μεν
302 834 513 900 Φιλίππου
548 838 607 898 καὶ
643 833 865 898 Θετταλῶν
899 841 1062 901 καὶτῶν
1085 835 1232 903 ἄλλων
1255 866 1341 917 συμ-

200 937 340 1022 μάχων
363 938 565 1020 παρόντας
587 932 794 1021 πρέσβεις,
825 940 881 999 καὶ
905 942 999 1012 τοὺς
1021 944 1089 1020 μὲν
1112 941 1341 1023 ἡμετέρους

201 1035 347 1123 φίλους
385 1037 424 1099 ἐν
454 1032 591 1119 φόβῳ,
623 1037 720 1108 τοὺς
756 1030 946 1101 δ’ἐκείνου
978 1036 1183 1121 θρασεῖς.”
1224 1036 1344 1103 ”Επειτ’

201 1135 372 1211 ἐπιστολήν
410 1164 479 1200 τινα
518 1135 668 1209 κελεόσας
719 1135 968 1218 ἀναγνωσθῆναι
1019 1139 1103 1202 ταῦτ’
1143 1140 1341 1214 ἐπιτίθησιν·

203 1232 378 1311 »Ἐπειδὴ
411 1239 556 1300 τοίνυν
590 1236 825 1309 ἐποιήσαντο
849 1238 918 1312 τὴν
942 1234 1193 1316 ἐκκλησίαν,
1223 1248 1342 1325 προῆ-

201 1332 328 1420 γονβ(
362 1338 540 1409 ἐκείνους
577 1337 816 1418 (προτέρους)
852 1331 914 1399 διά
938 1336 981 1398 τὸ
1004 1338 1074 1411 τὴν
1097 1341 1171 1401 τῶν
1195 1340 1342 1420 συμμά-

202 1463 284 1520 χιον
331 1432 444 1507 τάξιν
492 1437 670 1507 ἐκείνους
714 1433 831 1518 ἐχειν.
892 1462 953 1498 και
991 1437 1221 1521 παριόντες
1261 1433 1342 1513 ἐδη-

201 1536 424 1618 μηγόρουν,
459 1533 592 1598 πολλὰ
625 1538 695 1614 μὲν
730 1531 947 1598 Φιλιππου
982 1533 1343 1664 ἐγκωμιάζοντες,

201 1633 339 1701 πολλὰ
378 1632 455 1700 δ”
441 1644 536 1713 υμῖν
574 1633 870 1718 ἐγκαλοῦντες,
919 1637 1047 1711 πάνθ’,
1083 1640 1156 1700 ὅσα
1193 1638 1343 1702 πώποτ’

201 1735 336 1801 ἐναντί
370 1733 489 1820 ἐπράὲ
495 1762 557 1798 ατε
592 1731 902 1819 Θηβαίοις()(,’
888 1739 1257 1816 αναμιμνήσκοντες
1302 1738 1342 1800 τὸ

201 1831 228 1899 δ’
251 1835 317 1899 οὖν
340 1833 546 1921 κεφάλαιον
569 1831 721 1910 ἠξίουν,
745 1835 794 1897 ῶν
815 1837 880 1914 μὲν
903 1832 940 1897 εὖ
963 1836 1243 1899 ἐπεπόνθεσαν
1268 1836 1341 1900 ὑπὸ

202 1934 419 2008 Φιλίππου,
444 1934 566 2018 χάριν
588 1933 740 2005 αὐτοὺς
763 1928 1001 1997 ἀποδοῦναι·
1026 1933 1077 1995 ὧν
1100 1929 1126 1996 δ’
1151 1933 1211 2017 ὑφ’
1234 1935 1341 2016 ὑμῶν

200 2031 433 2108 ἠδίκηνται,
470 2030 588 2107 δίκην
619 2029 771 2116 λαβεῖν
794 2036 1006 2118 ὁποτέρως
1028 2029 1293 2116 βούλονται,
1323 2034 1340 2107 ἢ

198 2130 378 2209 διιέντος
401 2135 548 2207 αὐτοὺς
571 2135 624 2217 ἐφ’
648 2135 766 2214 ὑμᾶς,
789 2133 808 2208 ἢ
832 2129 1267 2216 συνεμβάλλονταςβ(
1286 2137 1341 2207 εἷς

198 2237 265 2310 τὴν
288 2232 506 2307 Ἀττικήν.”
553 2236 588 2295 Ei
613 2229 650 2306 δὴ
675 2233 748 2295 κατὰ
774 2228 992 2316 Λυσιμαχίδην
1014 2239 1070 2313 μὲν
1093 2230 1262 2316 όρχοντα,
1284 2234 1339 2296 τὸν

196 2336 270 2417 μετὰ
294 2336 520 2417 Θεόφραστον,
545 2329 719 2411 λελυμένης
743 2327 801 2405 ήδη
824 2342 880 2405 τῆς
903 2335 1052 2414 εἰρήνης,
1076 2334 1105 2394 ei
1122 2331 1205 2415 παρὰ
1226 2330 1337 2396 Φιλίπ-

198 2462 260 2498 που
293 2430 447 2517 πρέσβεις
479 2434 522 2505 εἰς
546 2427 662 2515 Θήβας
685 2429 919 2504 ἀπεστάλησαν
942 2431 1200 2515 παρακαλοῦντες
1225 2431 1338 2506 αὐτοὺς

198 2531 335 2614 μάλιστα
357 2536 412 2612 μὲν
435 2526 659 2614 συνεισβαλεῖν
673 2523 710 2607 (5(
746 2533 790 2604 εἷς
813 2532 871 2603 τὴν
893 2529 1060 2606 Ἀττικὴν,
1083 2533 1107 2593 εἰ
1131 2527 1162 2593 δὲ
1185 2532 1251 2611 μὴ,
1275 2527 1334 2596 δίο·

202 2631 259 2699 δόυ
282 2660 317 2716 γε
339 2637 383 2716 τῷ
414 2630 562 2713 Φιλίππη)
585 2637 784 2715 παρασχεῖν,
824 2632 1037 2711 μεμνημένους
1060 2634 1124 2703 τῶν
1152 2629 1334 2713 εὐεργεσιῶν

199 2735 296 2798 αὐτοῦ
318 2735 381 2795 τῶν
403 2734 472 2814 περὶ
494 2729 552 2792 τὸν
576 2729 717 2793 Φωκικὸν
739 2731 898 2810 πόλεμον·
923 2731 1038 2802 ταύτης
1062 2725 1093 2792 δὲ
1115 2731 1265 2810 μέμνηται
1281 2738 1334 2803 τῆς

198 2828 372 2915 πρεσβείας
390 2825 427 2908 (6(
477 2827 721 2911 Ἀριστοτέλης,
781 2828 825 2902 ὡς
875 2825 978 2911 ὀλίγῳ
1022 2829 1180 2911 πρότερον
1227 2824 1334 2893 ἐπέδει-

853 2996 886 3026 αν

197 3064 267 3106 tura:
300 3055 352 3107 οὐδ’
377 3055 423 3115 ἄν,
448 3056 469 3103 εί
486 3074 510 3104 τι
527 3054 643 3119 γίνοιτο,
665 3054 702 3102 ἔτι
719 3053 936 3117 συμπνευσόντων
960 3051 1033 3116 ήμῶν
1055 3051 1104 3101 κτὲ.
1138 3052 1199 3101 Mox
1222 3053 1292 3117 ὑμῶν
1307 3068 1335 3103 ex

199 3136 321 3186 Demeatb
338 3136 404 3184 edito
420 3135 475 3184 dedi
491 3149 535 3197 pro
552 3134 630 3197 ἡμῶν.

232 3215 267 3282 (5)
302 3214 435 3263 Duneeru.
452 3216 480 3262 de
499 3214 549 3262 Uer.
567 3212 578 3275 φ
596 3213 658 3259 211:
676 3211 709 3268 ὡς
726 3211 774 3274 γὰρ
792 3210 840 3260 κτὲ.

232 3294 267 3360 (1)
301 3291 334 3340 Et
351 3290 518 3341 Demosthenis
535 3295 560 3338 et
576 3288 689 3354 Dionysii
705 3287 762 3337 libri
773 3289 911 3349 conspirant
923 3289 950 3337 in
958 3293 1102 3354 προσῆγον,
1120 3289 1185 3352 quod
1197 3292 1283 3340 tamen
1293 3292 1335 3341 hae

198 3373 295 3436 quidem
318 3370 345 3417 in
369 3386 395 3419 re
416 3369 474 3418 ferri
489 3367 579 3431 nequit.
613 3368 673 3414 Mox
689 3367 771 3416 addidi
787 3366 925 3430 προτέρους
943 3384 973 3416 err
991 3367 1152 3416 Demosthene
1170 3368 1237 3417 edito
1253 3369 1266 3432 (
1285 3370 1336 3420 213.

198 3451 311 3500 Fortasse
327 3452 410 3497 tamen
426 3449 490 3509 apud
507 3445 653 3509 Dionysium
670 3445 770 3508 antiqua
786 3445 859 3494 leetie
875 3446 935 3493 haee
950 3445 999 3493 fuit
1017 3445 1159 3508 προτέρους
1171 3453 1300 3512 προῆγον.

231 3529 267 3594 (2)
302 3527 376 3575 Reate
390 3527 426 3574 ita
444 3525 511 3574 Amb.
529 3530 554 3573 et
571 3523 695 3572 Demosth.
712 3524 744 3573 li.
764 3524 885 3585 Vulgatur
903 3525 1039 3583 θηβαίους.
1075 3525 1220 3574 Notabilior
1236 3531 1275 3576 eat
1293 3527 1336 3575 lec·

198 3607 270 3656 denia
288 3606 389 3657 varietas
407 3604 468 3667 ὑμῖν
485 3605 656 3667 ἐγκαλοῦντες
672 3619 716 3664 pro
735 3602 805 3666 ὑμῶν
822 3607 1041 3667 κατηγοροῦντες,
1060 3605 1272 3667 quemadmodum
1291 3606 1336 3654 edi·

197 3692 239 3733 tur
259 3685 324 3746 apud
341 3683 407 3731 Dum.
424 3680 458 3730 1.1.
492 3679 552 3727 Mox
569 3679 625 3726 dedi
642 3681 821 3729 ἐπεπόνθεσαν
837 3695 881 3740 pro
898 3681 1079 3736 πεπόνθεσαν,
1105 3681 1191 3731 invitis
1208 3684 1336 3748 utriusque

196 3762 320 3824 seripturis
336 3761 404 3808 eodd.
423 3757 535 3806 Fortasse
551 3773 593 3819 per
610 3757 825 3818 aphaeresinolim
843 3757 1006 3808 scribebatur:
1024 3761 1049 3807 εὖ
1067 3759 1249 3810 ’πεπόνθεσαν

230 3841 266 3906 (1)
300 3839 340 3887 Ita
356 3853 417 3886 eum.
435 3836 503 3883 Amb.
521 3839 545 3883 et
562 3835 629 3883 eodd.
648 3841 702 3896 tipu
718 3840 743 3884 et
759 3851 795 3896 pr.
811 3833 838 3883 F.
852 3834 974 3887 Demosth.
987 3838 1044 3886 dedi
1053 3853 1097 3899 pro
1109 3837 1338 3902 συνεμβαλόντας,

195 3923 291 3967 servato
308 3916 418 3972 διιέντος
435 3914 489 3978 (pro
505 3911 633 3974 διέντας),
649 3914 713 3974 quod
729 3913 804 3960 habet
819 3928 914 3976 quoque
930 3916 975 3963 eod
992 3932 1023 3964 στ
1040 3915 1107 3964 Dem.
1141 3913 1249 3977 Tempus
1267 3932 1336 3980 prae

194 4013 250 4047 aena
266 3999 392 4057 propterea
407 3991 528 4055 praetuli,
545 3992 610 4056 quod
627 4006 654 4039 eo
665 3992 718 4052 ipae
728 4007 818 4054 poenae
830 3992 859 4039 de
875 3993 1065 4043 Atheniensibus
1072 3995 1178 4043 sumturi
1189 3999 1263 4044 erant
1274 3995 1336 4046 Tire·

195 4073 263 4134 bani,
280 4074 301 4122 ei
313 4072 425 4134 Philippo
441 4070 573 4119 transitum
589 4068 768 4131 permitterent,
787 4073 830 4117 aut
847 4086 896 4119 una
912 4086 968 4119 eum
984 4087 1012 4119 eo
1025 4071 1133 4119 Atticam
1146 4071 1305 4124 invaderent.

228 4150 264 4218 (5)
298 4151 382 4212 Vulgo
407 4149 619 4208 συνεισβόλλειν,
643 4148 707 4210 qued
723 4146 818 4195 mutavi
833 4153 931 4211 propter
947 4154 1102 4212 sequentem,
1127 4151 1170 4215 qui
1186 4152 1213 4200 ἐκ
1230 4158 1336 4218 παραλ-

196 4231 279 4290 λήλου
303 4229 417 4292 ponitur,
439 4224 570 4277 norisium
611 4227 670 4274 Mox
686 4229 741 4286 poet
758 4222 843 4275 δίοδον
860 4227 890 4274 de
905 4243 959 4276 meo
976 4228 1066 4277 imerui
1082 4229 1242 4279 neeessariam
1259 4234 1336 4295 parti·

196 4308 278 4359 culum
295 4325 330 4373 γε.

230 4385 266 4452 (6)
300 4383 425 4437 voeabula
440 4383 712 4448 ταύτης-πρεσβείας
728 4395 810 4433 errore
826 4380 914 4434 emieat
929 4383 956 4433 in
972 4385 1041 4436 Amb.
