2754 5018
666 274 708 344 18

119 484 193 566 ἐκτῳ
231 476 261 544 δὲ
296 476 370 559 μετὰ
404 474 462 547 τὴν
502 468 664 534 Φιλίππου
698 465 844 541 τελευτὴν
864 464 923 546 (Ι),
961 465 1031 531 καθ’
1063 466 1104 530 δν
1136 467 1246 550 χρόνον

115 575 329 661 Ἀλέξανδρος
359 576 417 650 τὴν
450 577 483 637 ἐν
516 566 697 654 Ἀρβήλοις
730 569 814 631 ἐνίκα
845 568 964 651 μάχην.
1013 571 1049 632 Ei
1074 564 1108 632 δί
1130 596 1177 646 τις
1198 570 1248 651 ἐρεῖ

118 686 181 745 τιῖιν
204 681 286 762 πρὸς
309 677 431 739 άπαντα
455 670 742 755 φιλονεικούντων,
766 669 813 730 ὅτι
835 673 950 731 τοῦτον
974 671 1054 742 ἴσως
1069 667 1188 752 ’ἔγραψε
1200 669 1249 732 τὸν

117 780 221 864 λόγον
242 785 310 850 ταῖς
333 768 573 855 Ἀριστοτέλους
595 767 807 849 ἐντετυχηκὼς
819 761 856 843 (δ)
882 770 1052 851 τίχναις,
1076 769 1136 830 τὸν
1160 768 1249 849 κράτι-

118 909 195 946 στον
218 877 366 943 ἁπάντων
389 874 493 957 λόγον
511 867 571 948 (7))
596 868 705 932 πολλὰ
728 869 811 952 πρὸς
835 868 932 931 αὐτὸν
962 870 1058 931 εἰπεῖν
1075 868 1163 952 ’ἔχων
1177 870 1250 958 ,iva

117 982 159 1063 μὴ
189 978 381 1061 μακρότερος
416 977 471 1035 voi·
496 965 626 1040 δέοντος
649 969 666 1030 ὁ
690 964 794 1048 λόγος
818 968 944 1050 γίνηταί
965 993 1036 1048 μοι,
1073 971 1124 1030 καὶ
1146 972 1252 1032 τοῦτον

119 1075 278 1149 ἐπιδείξειν
319 1076 531 1156 ὑπισχνοῦμαι
570 1069 627 1130 τὸν
664 1067 775 1150 ἀγῶνα
814 1067 877 1150 πρὸ
914 1069 979 1129 τῶν
1015 1066 1254 1149 Ἀριστοτέλους

118 1183 266 1265 τεχνῶν
290 1173 578 1254 ἐπιτετελεσμένον,
602 1168 686 1251 αιίτῳ
710 1164 910 1252 χρησάμενος
935 1172 981 1251 τῳ
998 1164 1173 1251 φιλοσόφῳ
1187 1165 1253 1251 μάρ·

118 1308 196 1364 τνρι.
228 1279 366 1361 Προδεῖς
398 1274 461 1358 γὰρ
495 1273 596 1334 τόπον
619 1263 843 1348 ἐνθυμημάτων
865 1266 922 1330 τὸν
946 1267 977 1329 ἐκ
1009 1269 1074 1330 τῶν
1098 1267 1184 1350 πρὸς
1207 1263 1258 1329 άλ-

119 1378 225 1455 ληλα,
259 1380 353 1440 ταῦτα
384 1372 459 1437 κατὰ
483 1367 570 1442 λε’ξιν
592 1364 726 1452 γράφει·
774 1365 938 1443 ν”Αλλος
976 1368 1011 1430 ἐκ
1044 1372 1125 1430 τῶν
1159 1368 1256 1449 πρὸς

120 1474 295 1551 ἄλληλα·
344 1476 383 1537 Εἰ
414 1472 488 1555 γὰρ
522 1469 672 1551 θατέρῳ
707 1463 868 1549 ὑπάρχει
895 1466 938 1528 τὸ
962 1461 1131 1539 δικαίως
1154 1475 1256 1540 ποιῇ·

120 1573 259 1654 ualidi,
282 1575 431 1656 δατίρῳ
463 1570 504 1632 τὸ
537 1567 796 1630 πεπονθέναν
832 1568 895 1627 καὶ
919 1567 948 1627 εί
973 1561 1180 1640 κελεῦσαι,
1203 1570 1256 1628 καὶ

119 1676 163 1739 τὸ
198 1675 473 1749 πεποιηκέναι·
509 1667 624 1740 οἶον,
658 1665 750 1738 ὡςὸ
784 1661 958 1737 τελώνης
992 1659 1256 1744 Διομέδωνβ)

120 1782 207 1860 περὶ
252 1783 327 1840 τῶν
364 1771 515 1837 τελῶν·
580 1770 620 1830 Ei
658 1766 729 1850 γὰρ
767 1761 848 1845 μηδ’
884 1765 973 1844 ὑμῖν
1008 1765 1191 1850 αἰσχρὸν
1223 1767 1258 1827 τὸ

119 1875 287 1950 πωλεῖν,
317 1870 396 1938 οὐδ’
431 1873 526 1952 ἡμῖν
547 1869 589 1932 τὸ
615 1867 823 1929 ὠνεῖσθαι·
848 1868 928 1928 καὶ·
976 1867 1017 1927 Ei
1041 1871 1093 1949 τῳ
1117 1891 1258 1929 πεπον-

121 1979 215 2040 θότι
248 1976 292 2037 τὸ
327 1970 456 2042 καλῶς
487 1962 606 2044 καὶ(6)
633 1961 786 2041 δικαίως
813 1961 1001 2047 ὑπάρχει,
1024 1965 1088 2047 Ιτῳ
1119 1990 1260 2048 πεπρα-

119 2080 248 2160 γμένῳ
282 2068 451 2155 ὑπάρξει)
477 2072 534 2131 καὶ
560 2071 610 2149 τῳ
633 2069 876 2138 ποιήσαντι·
902 2068 981 2140 καὶ,
1013 2066 1053 2140 (εί
1076 2068 1129 2147 τῳ
1156 2067 1259 2138 ποιά·

121 2179 261 2253 σαντι,)
298 2177 359 2236 καὶ
393 2175 443 2254 τῳ
476 2163 780 2245 πεπονθότιΠ)
821 2164 929 2237 ’Ἐστι
962 2160 987 2228 δ’
1013 2166 1053 2227 ἐν
1076 2167 1207 2249 τούτῳ
1225 2168 1258 2242 (“)

121 2273 491 2360 παραλογίσασθαι.
553 2267 604 2329 Οὐ
657 2267 751 2350 γὰρ,
789 2268 819 2327 εἰ
865 2262 1032 2338 δικαίως
1077 2260 1258 2344 daumii)

121 2406 193 2454 τις,
244 2381 303 2440 καὶ
351 2370 516 2444 δικαίως
565 2369 635 2431 ὑπὸ
684 2372 751 2430 σοῦ
787 2363 1063 2444 πίπονδε·(ίί))
1115 2361 1180 2431 διὸ
1212 2363 1261 2431 δεῖ

153 2553 189 2621 (1)
224 2554 263 2603 Sic
289 2554 337 2601 iam
365 2550 480 2602 Benilaus
506 2547 588 2595 locum
605 2543 756 2606 emendavit,
781 2561 857 2608 quum
882 2550 953 2592 antea
978 2544 1114 2607 legeretur:
1136 2547 1260 2610 ἄρχοντος

122 2635 169 2698 μὲν
185 2633 304 2683 ίνιαντδν
325 2632 388 2694 μετὰ
412 2649 434 2680 τ.
460 2646 479 2679 ε.
505 2647 530 2690 χ.
556 2644 580 2688 μ.
608 2623 673 2674 ὀκτὼ
698 2623 721 2672 δὲ
746 2625 808 2686 μετὰ
826 2642 847 2672 τ.
865 2628 894 2672 Φ.
912 2641 935 2672 τ.
953 2620 1022 2670 Amb.
1039 2627 1123 2673 servat
1140 2623 1261 2686 vulgatam

123 2711 258 2761 leotionem.

158 2787 193 2851 (2)
227 2788 383 2850 ἐντετενχώς
401 2784 471 2833 Amb.

158 2864 194 2929 (3)
228 2865 348 2913 Ultimum
366 2862 513 2914 vocabulum
530 2861 613 2910 abesse
629 2858 719 2907 malim.

157 2942 194 3007 (4)
228 2943 279 2993 Οιιι.
297 2943 380 2992 vocab.
398 2940 500 3006 θατέρῳ
517 2944 625 2998 ποιῆσαι
643 2937 712 2985 Amb.

158 3021 195 3087 (5)
229 3025 242 3072 ὁ
266 3021 392 3086 Διομέδων
413 3020 495 3082 Amo,
522 3035 567 3067 om.
585 3033 634 3068 voc.
652 3018 868 3081 περὶ-τιλωνῶν,
902 3013 942 3062 ita
958 3013 1024 3061 enim
1040 3014 1178 3076 legebatur.
1213 3017 1260 3079 Ego

125 3101 220 3150 correxi
236 3115 266 3148 ex
284 3099 385 3148 Aristot.
404 3097 474 3146 Rhea.
492 3096 537 3159 ΙΙ,
562 3098 601 3145 23.

159 3177 194 3242 (6)
229 3177 300 3225 Arist.
328 3177 344 3236 ἢ
372 3176 387 3223 l.
402 3175 420 3224 l.
437 3174 518 3222 minus
533 3179 602 3222 recte.
637 3171 712 3220 Unois
728 3170 853 3234 quadratis
870 3169 945 3232 sepsi,
963 3184 1024 3234 quae
1043 3168 1078 3233 (et
1095 3170 1151 3219 iure
1168 3171 1258 3235 opinor)

125 3271 175 3304 non
191 3256 307 3318 leguntur
323 3255 387 3316 apud
404 3252 573 3314 Aristotelem,
591 3250 716 3312 rotundis,
733 3266 794 3314 quae
811 3267 841 3298 ex
858 3252 942 3300 eodem
958 3249 1056 3299 inserui.

159 3331 195 3397 (7)
229 3332 303 3381 Codd.
322 3332 337 3391 ἢ
355 3335 472 3381 ποιοῦντι
489 3346 543 3393 pro:
561 3332 602 3378 καὶ
620 3329 831 3389 ιε’-πεπονθότι,
859 3345 920 3392 quae
939 3327 1066 3378 emendavi
1083 3343 1114 3375 ex
1132 3328 1209 3378 Arist.
1227 3329 1258 3378 ed

159 3409 194 3473 (8)
230 3409 253 3458 δὲ
271 3413 346 3458 τοῦτο
363 3409 432 3457 Amb.
449 3413 474 3456 et
490 3409 540 3456 cod.
560 3408 592 3455 Ac
608 3406 755 3456 Aristotelis.

160 3487 195 3551 (9)
230 3487 335 3535 Additur
351 3486 378 3533 in
394 3487 460 3535 oodd.
478 3486 595 3548 particula
612 3487 644 3536 ἄν
656 3489 711 3549 post
722 3485 832 3543 ἔπαθεν,
849 3501 922 3548 quam
933 3483 1046 3548 expunxi,
1066 3483 1220 3534 Neohubent
1231 3486 1260 3534 ἂν

126 3567 193 3614 codd.
212 3565 296 3619 Arist..
313 3567 378 3614 unde
395 3570 479 3613 contra
496 3566 587 3615 adscivi
603 3565 761 3614 necessaium
779 3565 891 3614 voculam
909 3562 1002 3628 τις(τι).
1020 3563 1154 3627 Sequentia
1166 3566 1197 3614 de
1208 3579 1260 3614 eon-

126 3645 219 3692 ieotura
230 3643 329 3693 mutavi.
348 3645 392 3691 Est
404 3645 469 3691 enim
477 3644 502 3691 in
510 3645 577 3693 oodd.
595 3644 657 3694 ὑπὸ
675 3643 796 3694 τούτου
814 3643 959 3705 πέπονθεν,
977 3643 1071 3690 dumio
1084 3641 1188 3694 Aristot.
1198 3645 1261 3708 edito

126 3723 238 3771 scribitur
253 3723 301 3771 aie:
318 3723 338 3770 εί
354 3725 402 3786 γὰρ
420 3721 519 3779 δικαίως
536 3722 632 3772 ἐπαδίν
650 3743 673 3772 τι
686 3722 713 3786 (l.
727 3720 775 3785 τις)
789 3721 889 3777 δικαίως
901 3719 1048 3781 πέπονθεν,
1067 3721 1126 3770 ἀλλ’
1139 3724 1204 3780 ἴσως
1215 3724 1261 3786 οὐχ

128 3802 179 3852 ὑπὸ
200 3805 258 3864 σοῦ,
275 3817 336 3865 quae
353 3801 471 3863 scriptura
493 3801 523 3850 ab
539 3801 581 3850 illa
598 3802 688 3851 mirum
705 3806 825 3866 quantum
842 3799 923 3849 distat.
958 3797 1018 3846 Mox
1034 3814 1077 3860 pro
1094 3799 1128 3849 ἄν
1146 3801 1262 3864 ἁρμόττῃ

128 3898 165 3942 ap.
195 3881 266 3930 Arist.
292 3880 381 3941 legitur
406 3880 532 3943 ἁρμόττει.
567 3876 634 3932 Quae
660 3881 747 3928 deinde
768 3882 904 3941 sequuntur
925 3877 955 3926 ab
982 3878 1034 3939 ipso
1060 3876 1182 3942 Dionysio
1207 3886 1262 3928 sunt

128 3966 251 4010 contracta
268 3961 295 4009 in
310 3959 413 4009 brevius.
448 3959 480 4006 in
497 3958 585 4010 vicinia
602 3959 640 4008 διό
657 3968 712 4008 ante
730 3959 767 4008 δεῖ
783 3957 875 4007 inserui
887 3972 917 4005 ex
929 3957 1012 4018 Amb.;
1027 3957 1098 4008 etsie
1111 3958 1262 4008 Aristoteles.

161 4037 212 4103 (10)
247 4039 322 4087 Omisi
339 4037 467 4088 voeabula:
485 4038 519 4093 ὡς
536 4037 549 4086 ὁ
565 4039 643 4100 φόνον
660 4039 718 4093 ἄξια
736 4037 848 4095 ποιίησας
865 4036 966 4098 πατὴρ,
984 4035 1004 4083 ei
1022 4035 1073 4087 ὑπὸ
1091 4039 1137 4085 τοῦ
1150 4038 1206 4087 υἱοῦ
1219 4039 1261 4088 τοῦ

127 4115 218 4165 ἑαυτοῦ
236 4118 284 4174 τὴν
301 4116 343 4164 ἐπὶ
360 4117 465 4179 θανάτῳ
482 4115 625 4178 ἀπάγεται,
648 4130 709 4177 quae
726 4116 844 4177 legantur
864 4114 890 4161 in
907 4113 968 4161 eodd
992 4118 1016 4161 et
1034 4113 1082 4160 edd.
1120 4112 1219 4162 Absunt
1235 4113 1262 4162 ab

128 4193 197 4244 Amb.
214 4193 292 4250 libro,
310 4199 335 4241 et
352 4192 490 4242 Aristotelis
507 4208 600 4256 quoque
618 4193 685 4240 codd.
703 4209 797 4242 summo
820 4208 939 4241 consensu
955 4192 1003 4240 ista
1019 4190 1144 4239 omiitunt.
1174 4193 1262 4242 Postea

128 4273 225 4320 demum
242 4271 351 4334 exempla
368 4269 439 4319 afferi
455 4269 610 4332 Aristoteles,
628 4275 718 4318 ettam
735 4272 837 4320 absurde
854 4271 913 4319 haec
930 4269 1003 4320 verba
1013 4269 1218 4332 interponuntur,
1236 4275 1263 4318 ut

127 4350 167 4399 vel
190 4350 242 4398 sine
258 4349 325 4397 codd.
349 4364 487 4412 expungere
510 4364 559 4397 non
582 4347 724 4397 dubitarem.
759 4349 870 4399 Tandem
896 4362 951 4395 oum
969 4347 1038 4397 Amb.
1057 4345 1156 4410 scripsi:
1178 4348 1209 4396 iv
1226 4349 1262 4411 τῷ

127 4428 286 4491 Ἀλκμαίωνι
303 4428 339 4491 τῷ
357 4425 410 4491 (pro
428 4425 484 4490 τοῦ)
502 4425 644 4477 θεοδίκτον.
