2754 5018
61 125 173 209 λόγου
196 122 224 190 δ’
246 123 338 198 ιἰξίαυ
360 126 503 210 ἱστορίαν
525 127 857 209 πεπραγματευμένος,
892 126 983 204 ι’ίξιός
1006 133 1090 196 ἔστιν
1112 133 1197 198 ἑποι-

59 229 210 303 νεῖσθαι,
240 229 445 310 πρῶτονμὲν
466 233 523 299 τῆς
545 224 785 298 ὑποθέσεως
746 251 810 289 των
832 228 996 313 ἱστοριῶν
1020 227 1177 297 καλαὶ
1136 259 1199 318 γαρ

63 324 258 410 ἀμφότεραι,
296 327 314 400 ἡ
351 329 407 407 μὲν
443 324 481 389 τὰ
515 324 613 389 λοιπὰ
647 329 704 388 τοῦ
736 322 1039 403 Πελοποννησιακοῦ
1060 328 1201 457 πολέμου

63 427 318 510 περιίχουσα,’
302 454 321 501 η
344 408 433 490 δε
398 453 436 490 τα
460 422 609 509 Φιλίππῳ
630 426 847 509 πεπραγμένα
871 426 972 494 ἔπειτα
994 426 1026 495 δὲ
1047 438 1104 505 τῆς
1118 433 1201 496 oino-

65 529 199 607 νομίας·
231 526 402 609 ἀμφότεραι
436 525 499 610 γάρ
533 526 610 590 είσιν
644 522 955 609 ευπαρακολοόθητοι
989 531 1038 594 καὶ
1069 539 1199 615 σαφεῖς

63 623 206 707 μάλιστα
240 623 271 690 δὲ
300 635 356 701 τῆς
389 622 562 706 ἐπιμελείας
594 651 626 689 τε
659 628 708 689 καὶ
739 622 932 710 φιλοπονίας
964 637 1020 704 τῆς
1043 629 1119 695 κατὰ
1141 632 1200 707 τὴν

65 728 274 810 συγγραφήν·
307 720 405 800 δῆλος
434 725 498 809 γάρ
521 727 623 800 ἐστιν,
658 726 682 789 εἱ
705 729 754 789 καὶ
775 722 872 808 μηδὲν
895 725 1012 813 ’ἔγραψε
1029 726 1091 808 (ί),
1112 729 1201 795 πλεί·

63 853 148 900 στην
170 829 227 908 μὲν
248 825 447 909 παρασκευὴν
470 825 514 898 εἰς
536 829 631 888 ταῦτα
654 828 964 909 παρεσκευασμένος,
994 830 1145 913 μεγίστας
1167 826 1200 895 δὲ

63 922 214 999 δαπάνας
246 925 370 999 εἶν’τὴν
393 925 586 1008 συναγωγὴν
608 924 713 991 αὐτόν
734 922 921 1003 τετελεκώς,
953 932 1002 992 καὶ
1024 929 1108 1014 πρὸς
1127 933 1199 995 τοίι-

62 1053 136 1100 τοις
170 1023 306 1090 πολλῶν
335 1027 392 1106 μὲν
425 1023 584 1100 αὐτόπτης
618 1027 846 1110 γεγενημένος,
879 1025 1019 1106 πολλοῖς
1037 1023 1076 1108 (ἢ)
1105 1024 1132 1094 δ’
1155 1031 1199 1107 είς
1243 1043 1245 1047 ’

64 1122 199 1207 ὁμιλίαν
221 1122 326 1188 ἐλὲιών
343 1118 380 1201 (5)
406 1118 540 1207 ἀνδράσι
560 1131 631 1198 τοῖς
651 1124 721 1188 τότε
735 1127 930 1209 πρωτεύουσι
944 1130 993 1191 καὶ
1009 1137 1200 1213 στρατηγοῖς

63 1228 114 1289 καὶ
131 1221 172 1302 (4)
201 1219 405 1308 δημαγωγοῖς
433 1251 463 1288 τε
486 1227 534 1287 καὶ
558 1220 751 1309 φιλοσόφοις
773 1220 823 1290 διὰ
843 1226 903 1301 τὴν
925 1230 1128 1312 συγγραφήν·
1158 1228 1198 1293 οὖ

63 1325 130 1411 γὰρ
165 1326 269 1410 ὥσπερ
300 1329 384 1399 τινὲς
415 1325 578 1410 πάρεργον
608 1330 664 1389 τοῦ
690 1322 769 1410 βίου
790 1327 849 1402 τὴν
871 1325 1061 1413 ἇναγραφὴυ
1079 1324 1117 1408 (5)
1142 1337 1199 1404 τῆς

64 1429 211 1511 ἱστορίας
233 1427 423 1501 ἐποιήσατο,
446 1424 543 1511 ἔργον
565 1421 597 1490 δὲ
618 1425 655 1490 τὸ
670 1426 802 1492 πάντων
817 1426 1076 1512 ἀναγκαιότατον.
1101 1431 1198 1504 Γυοίη

67 1522 97 1590 δ’
118 1524 160 1591 r'iv
193 1552 242 1600 τις
271 1524 368 1590 αὐτοῦ
398 1525 456 1590 τὸν
489 1525 612 1602 πόνον,
640 1526 826 1607 ἐνθυμηθεὶς
848 1525 886 1589 τὸ
907 1522 1121 1613 πολύμορφον
1142 1537 1199 1603 τῆς

65 1636 203 1712 γραφῆς.
236 1631 296 1692 Καὶ
319 1626 381 1713 γὰρ
405 1632 452 1692 καὶ
476 1629 579 1692 ἐθνῶν
602 1625 720 1711 ε’ἱρηκεν
742 1629 905 1710 οἰκισμοὺς
927 1631 977 1693 καὶ
991 1626 1120 1695 πόλεων
1135 1634 1196 1696 κτί-

67 1754 134 1806 σεις
164 1725 340 1803 ἐπελήλυθε
352 1775 361 1804 ,
391 1723 555 1811 βασιλέων
586 1754 618 1792 τε
653 1724 752 1812 βίους
781 1731 830 1792 καὶ
860 1732 969 1793 τόπων
986 1724 1024 1808 (6)
1050 1725 1198 1814 ἰδιώματα

63 1823 243 1903 δεδήλωκε,
274 1826 318 1891 κεῖ
349 1855 378 1892 τι
407 1827 591 1910 θαυμαστὸν
621 1826 641 1902 ἢ
664 1824 850 1914 παράδοξον
873 1831 984 1906 ἑκάστη
1005 1840 1047 1916 γῆ
1069 1835 1118 1897 καὶ
1140 1833 1197 1900 θό-

60 1925 165 1990 λαττα
199 1928 300 2011 φέρει,
335 1925 572 2012 συμπεριείληφε
600 1924 638 2006 (7)
676 1933 715 2014 τῇ
750 1933 954 2015 πραγματείᾳ.
997 1933 1057 1995 Καὶ
1089 1928 1197 2015 μηδεὶς

59 2022 241 2112 ὑπολάβῃ,
263 2028 479 2112 ψυχαγωγίαν
501 2027 587 2092 ταῦτ’
609 2026 692 2093 εἶναι
706 2030 824 2111 μόνον·
848 2029 886 2094 οὐ
909 2030 972 2116 γὰρ
996 2029 1098 2107 οὕτως
1119 2030 1196 2119 ἔχει·

61 2125 157 2192 ἀλλὰ
179 2130 296 2204 πᾶσαν,
320 2129 364 2203 ὡς
387 2128 462 2204 ίπος
486 2131 581 2194 εἰπεῖν
589 2176 599 2206 ,
623 2127 774 2214 ὠφέλειαν
795 2132 928 2216 περιέχει
945 2125 998 2209 (8).

103 2226 178 2292 Ἵνα
217 2224 248 2294 δὲ
286 2230 377 2296 πάντ’
414 2231 484 2315 ἀφῶ
521 2227 649 2308 τᾶλλα,
690 2234 740 2309 τίς
777 2231 842 2317 οὐχ
878 2229 1092 2317 ὁμολογήσει,
1128 2241 1197 2313 τοῖς

58 2327 200 2395 ἀσκοῦσι
216 2325 254 2408 (9)
282 2331 340 2406 τὴν
363 2328 546 2415 φιλόσοφον
567 2327 738 2416 ῥητορικὴν
760 2331 936 2416 ἀναγκαῖον
965 2329 1042 2396 εἶναι
1053 2380 1064 2410 ,
1086 2332 1196 2399 πολλὰ

65 2599 178 2652 Ceterum
194 2604 224 2656 of.
241 2602 391 2670 Theopompi
407 2607 465 2658 chii
479 2607 632 2671 fragmento,
649 2611 695 2658 oet.
728 2605 758 2656 R.
774 2605 807 2658 H.
825 2607 941 2672 Eyesonii
951 2606 1092 2672 wichardi,
1109 2608 1196 2675 Lugd

66 2677 118 2732 Bet
150 2684 230 2744 1829,
265 2699 287 2746 p.
313 2685 342 2732 31
378 2701 429 2750 sqq.
461 2685 521 2734 Mox
537 2689 592 2748 post
616 2684 695 2750 λόγου
717 2683 811 2735 inserui
834 2685 980 2749 particulam
1002 2686 1034 2737 di.
1066 2686 1195 2739 Praeterea

61 2758 134 2809 ἔστιν
149 2759 234 2809 addidi
251 2765 306 2823 post
320 2763 406 2824 ἄξιος,
423 2765 448 2811 et
464 2760 489 2812 δέ
505 2766 561 2825 post
576 2763 676 2824 ἔπειτα,
692 2761 749 2826 quia
765 2763 896 2825 praeoeseit
912 2770 1017 2828 πρῶτον
1033 2763 1087 2830 μὶν.

94 2835 133 2902 (1)
166 2835 232 2892 Quid
258 2839 317 2888 heeo
340 2840 387 2889 eibi
401 2839 496 2902 velint,
522 2840 648 2890 nonsatis
664 2839 785 2904 intelligo.
818 2840 886 2891 Num
900 2840 980 2891 forte:
997 2841 1020 2893 d.
1038 2863 1060 2909 γ.
1078 2843 1098 2894 ί.
1115 2843 1136 2893 εἰ
1152 2845 1195 2894 καὶ

61 2917 97 2980 μι)
116 2916 264 2982 συνέγραφε
280 2921 432 2979 πλεῖστα,
451 2920 578 2980 πλείστην
595 2918 665 2971 ert?

93 2992 134 3058 (2)
166 2997 273 3056 πολλὴν
289 2997 340 3047 cod
357 2997 434 3047 Paris

93 3071 134 3137 (3)
166 3071 254 3122 Malim
268 3075 401 3134 ἐληλυθώς
417 3075 448 3124 ob
464 3077 643 3138 praecedentia.

93 3146 135 3216 (4)
168 3149 265 3201 Ineerui
280 3154 322 3203 καί
339 3153 368 3202 de
385 3153 531 3205 coniectura

93 3225 134 3292 (ὃ)
168 3228 304 3280 Vooobula:
331 3233 361 3281 οὐ
389 3235 627 3298 γὰρ-ἀναγραφὴν
654 3237 806 3284 amnuerunt
827 3249 859 3283 ex
875 3209 1032 3284 Ambrosiono
1047 3251 1117 3299 meo;
1145 3254 1193 3303 quo

62 3300 145 3368 freto,
162 3305 210 3356 hoo
225 3307 281 3357 loco
295 3309 358 3358 nihil
373 3309 476 3372 plonius.
509 3308 555 3359 Eut
571 3311 676 3359 autom
669 3327 696 3360 1n
711 3310 792 3374 aprico
807 3310 863 3360 fone
879 3312 975 3360 erroris.
999 3309 1060 3361 Mox
1069 3329 1126 3363 oum
1137 3316 1194 3381 Syl

61 3382 151 3448 burgio
166 3387 237 3447 posui
252 3388 429 3449 superlativum
444 3390 547 3451 gradum
562 3404 606 3451 pro
623 3389 840 3455 ἀναγκαιότερον,
862 3404 923 3453 quae
939 3390 1057 3440 librorum
1073 3393 1194 3457 scriptura

62 3467 106 3512 est.
140 3463 244 3513 Frustra
260 3471 341 3513 autem
358 3465 467 3529 criticos,
483 3471 512 3515 ut
528 3467 595 3516 huno
605 3467 687 3518 locum
698 3468 866 3533 emendarent,
878 3469 984 3533 secunda
995 3485 1132 3520 ααηαιιιιιιιι
1138 3488 1193 3534 μισ-

63 3547 134 3601 tora,
149 3542 212 3590 nihil
226 3558 325 3631 prorsus
342 3549 380 3593 eet
395 3546 461 3609 quod
477 3545 602 3595 miremur.
1168 3556 1179 3583 ⁴

95 3618 133 3683 (6)
167 3617 208 3669 Ite
224 3619 308 3682 scripsi
324 3636 337 3670 e
355 3622 482 3686 Sylburgii
496 3624 635 3674 coniectura
651 3640 695 3688 pro
712 3625 823 3688 τρόπον.

95 3695 134 3762 (7)
169 3698 252 3762 Vulgo
276 3699 375 3749 additur
391 3701 433 3763 lv,
459 3703 524 3764 quod
541 3702 706 3767 dittographia
721 3707 807 3775 notunr
824 3700 911 3752 delevi.
943 3699 981 3752 De
996 3702 1080 3752 eadem
1101 3721 1128 3755 ro
1144 3706 1192 3757 iam

73 3776 230 3842 Kruegerum
245 3781 369 3831 monuisse
385 3782 463 3832 video.

95 3855 133 3922 (8)
167 3857 250 3922 Vulgo
266 3862 504 3926 πᾶσιν-παρέχει,
520 3862 602 3912 minus
618 3863 725 3913 adrem.
759 3861 886 3911 Sententia
902 3865 928 3911 et
944 3864 1075 3912 contextus
1095 3864 1120 3914 id
1137 3880 1191 3928 pos·

63 3935 147 3987 talant
153 3972 164 4000 ,
181 3940 247 4002 quod
264 3940 344 3990 edidi:
361 3945 451 3991 πᾶσαν
466 3957 497 3990 ex
513 3942 666 4006 coniectura,
684 3942 794 4006 περιέχει
810 3957 841 3992 ex
856 3942 1017 3993 umbrosiane
1034 3958 1094 3994 meo.

95 4014 133 4080 (3)
168 4015 242 4066 Codd.
268 4018 403 4081 ἀκούουσι,
435 4020 499 4083 quod
515 4020 634 4082 probabili
649 4021 769 4070 medicina
784 4020 889 4069 correxit
906 4019 1026 4070 Reislrius.
1059 4020 1119 4070 Mox
1134 4024 1190 4086 post

62 4091 204 4158 ῥητορικήν
214 4096 293 4147 deleri
304 4113 397 4147 commo
404 4102 428 4146 et
435 4097 513 4161 rooopi
520 4098 567 4158 ἔθη
575 4114 618 4162 pro
628 4098 703 4163 lton,
713 4114 777 4164 quoe
785 4099 892 4150 eiusdem
901 4098 994 4150 Reishii
1001 4102 1037 4150 est
1045 4100 1189 4151 emendatio.
