2754 5018
118 418 176 489 τὸν
209 418 242 481 ἐν
274 419 311 499 τῆ
340 413 467 500 φράσει·
500 416 608 499 μακρῷ
641 409 674 477 δέ
692 437 751 476 τινι
774 407 929 494 ιἰμείνων,
953 411 1031 475 ὅταν
1055 412 1114 486 τῆν
1136 413 1240 497 ἰσχνὴ]

119 521 166 582 καὶ
196 512 312 600 ἀκριβῆ
342 519 390 579 καὶ
425 510 582 579 δοκοῦσαν
611 519 667 592 μὲν
701 510 855 584 ἀποίητον
889 510 984 587 εἶναι,
1017 517 1240 591 κατεσκευασμέ

119 645 178 689 νην
207 611 389 698 δ’άμωμῆτιρ
411 618 458 678 καὶ
483 611 592 697 ιἰφελεῖ
614 616 783 695 κατασκευῇ
807 607 970 675 διάλεκτον
992 612 1135 695 εἰσφέρῃ·
1153 609 1171 684 ἢ
1190 611 1240 700 γά)

77 750 79 754 ’
119 713 212 784 οὐδὲν
233 713 303 777 τόθ’
323 710 362 791 (1)
403 713 568 798 ἁμαρτάνει
592 707 739 782 καθάπαξ
754 709 791 787 (ί)
826 707 845 783 ῆ
868 706 980 794 βραχύ
1006 737 1034 771 τι
1062 704 1170 789 κομιδῆ
1184 705 1224 788 (ὅ)

117 822 165 883 καὶ
189 816 247 880 οὐκ
269 811 359 887 άξιον
382 816 581 899 κατηγορίας.
626 812 712 896 Ἐγὼ
737 809 763 875 δ’
786 807 898 884 ἠξίουν
933 809 972 874 ἂν
992 808 1037 891 (4)
1066 810 1240 886 τηλικοῦτο,

119 914 218 1000 άνδρα
240 915 446 1000 πεφυλάχθαι
474 916 580 976 πᾶσαν
603 915 785 993 ἐπιτίμησιν.
809 917 912 975 Ταῦτα
934 913 1043 990 μέντοι
1067 914 1116 974 καὶ
1139 913 1169 973 οἱ
1190 920 1240 978 κατ

118 1018 215 1082 αὐτὸν
248 1019 366 1089 ἐκεῖνον
399 1015 562 1099 γενόμενοι
596 1014 639 1090 ὡς
673 1013 884 1096 ἁμαρτάνοντι
917 1009 1028 1096 τάνδρὶ
1051 1013 1240 1094 ἐπιτιμῶσιν,

118 1120 163 1180 ὧν
205 1113 358 1198 τώνόματ’
400 1112 492 1179 οὐδὲν
536 1111 640 1199 δέομαι
677 1111 781 1198 λέγειν
810 1109 873 1190 (5),
923 1116 970 1176 καί
1009 1112 1108 1185 αὐτὸς
1147 1114 1240 1199 ἑαυτῷ.

119 1222 220 1280 Τοῦτο
249 1216 312 1298 γάρ
346 1211 384 1289 δὴ
407 1214 443 1277 τὸ
467 1211 702 1297 λαμπρότατον.
742 1212 895 1276 Ἤισθετο
918 1211 1001 1296 γὰρ,
1026 1213 1069 1285 ὡς
1093 1211 1168 1275 ἔοικε
1190 1209 1240 1290 (6),

118 1324 173 1389 τῆς
197 1311 279 1386 ἰδίας
300 1311 544 1396 ἀπειροκαλίας,
576 1316 624 1375 καὶ
650 1312 740 1394 ὄνομ’
763 1311 852 1376 ἐθετο
875 1313 954 1397 αὐτῇ
977 1307 1197 1394 διθάραμβου’
1225 1312 1240 1376 ὃ

120 1421 178 1482 νῦν
212 1414 251 1480 ἂν
284 1410 422 1501 ᾐδέσθην
454 1414 516 1503 ἐγὼ
548 1412 673 1499 λέγειν,
709 1412 829 1490 ἀληθὲς
863 1415 912 1478 ὄν.
960 1419 1063 1476 Τοῦτο
1088 1408 1120 1477 δὲ
1141 1415 1240 1476 παθεῖν

119 1514 237 1589 ἐοικεν,
259 1515 302 1592 ὡς
325 1515 386 1596 ἐγὼ
410 1512 550 1594 νομίζω,
578 1519 707 1607 τραφεὶς
728 1518 785 1595 μὲν
807 1515 840 1578 ἐν
862 1521 932 1587 τοῖς
956 1518 1166 1596 Σωκρατικοῖς
1186 1508 1239 1576 δια·

119 1613 252 1698 λόγοις,
283 1614 486 1698 ἰσχνοτάτοις
517 1613 588 1678 οὖσι
611 1619 658 1678 καὶ
683 1611 945 1698 ἀκριβεστάτοις,
981 1612 1019 1675 οὗ
1042 1614 1150 1693 μείνας
1171 1608 1193 1675 δ’
1211 1613 1240 1674 ἐν

120 1715 240 1792 αὐτοῖς,
274 1713 361 1779 ἀλλὰ
394 1724 450 1789 τῆς
484 1717 624 1798 Γοργίου
657 1719 706 1779 καὶ
751 1710 945 1779 θουκυδίδου
968 1722 1162 1786 κατασκευῆς
1183 1713 1240 1794 ἐρα-

121 1817 227 1889 σθείς,
260 1814 333 1877 ὥστ’
354 1810 447 1878 οὐδὲν
470 1813 529 1887 ἐξω
553 1820 608 1878 τοῦ
632 1815 752 1889 εἰκότος
776 1812 887 1896 ἐμελλε
908 1815 1096 1886 πείσεσθαι,
1130 1813 1240 1881 σπάσας

119 1917 189 1982 τινὰ
220 1919 265 1979 καὶ
291 1917 355 1978 τῶν
385 1913 614 1998 ἁμαρτημάτων
637 1913 697 1994 άμα
720 1922 789 1988 τοῖς
811 1914 951 1999 άγαθοῖς
970 1909 1034 1989 (7),
1058 1913 1104 1976 ὧν
1127 1910 1240 1996 ἐχουσιι

121 2018 151 2079 οἱ
174 2015 238 2077 τῶν
261 2008 387 2097 ἀνδρῶν
410 2015 534 2077 ἐκείνων
557 2021 761 2098 χαρακτῆρες.

166 2109 408 2197 Παραδείγματα
442 2109 473 2177 δὲ
502 2121 558 2190 τῆς
591 2113 617 2175 τ’
640 2114 756 2198 ἰσχνῆς
780 2115 828 2175 καὶ
851 2120 906 2185 τῆς
930 2108 1059 2193 ὑψηλῆς
1086 2105 1195 2182 λε’ἕεως
1213 2100 1240 2169 il

122 2214 193 2287 ἑνὸς
215 2210 356 2297 βιβλίου
378 2216 442 2276 τῶν
465 2212 549 2277 πάνυ
573 2208 773 2296 περιβοήτων
796 2212 965 2290 ποιήσομαι
984 2204 1048 2286 (8),
1072 2210 1105 2272 ἐν
1132 2205 1155 2292 ᾧ
1178 2208 1240 2277 τοὺς

121 2314 285 2396 ἐρωτικοὺς
319 2306 484 2375 διατίθεται
502 2308 539 2388 (9)
575 2310 699 2395 λόγους
733 2313 751 2373 ὁ
785 2307 955 2392 Σωκράτης
990 2308 1073 2392 πρὸς
1108 2308 1159 2371 ἐνα
1189 2307 1240 2367 τῶι

121 2463 282 2474 -ι--ι

155 2545 192 2612 (1)
227 2545 323 2596 Inserui
339 2547 369 2596 de
385 2562 439 2596 mco
455 2549 519 2597 ree.

146 2623 192 2688 (2)
227 2622 279 2672 Om.
297 2625 347 2673 eod.
365 2625 392 2673 P.

155 2699 191 2766 (3)
226 2701 326 2751 Inremo
342 2703 427 2751 ordine
444 2702 532 2766 κομιδῆ
550 2703 638 2767 βραχύ
660 2721 685 2752 τι
700 2702 765 2751 idem
782 2701 834 2751 cod.
852 2701 879 2754 P.

156 2776 192 2843 (4)
226 2777 263 2829 De
280 2796 333 2829 meo
349 2781 427 2830 adieci
441 2781 586 2842 particulam
603 2780 807 2840 conditionalem,
825 2794 888 2844 quae
903 2780 963 2826 noto
980 2793 1041 2838 usu,
1067 2793 1143 2841 quum
1158 2778 1186 2825 ad
1201 2774 1240 2823 inii

124 2856 230 2906 nitivum
254 2859 390 2923 pertineat,
417 2859 527 2921 iungitur
554 2875 611 2909 cum
627 2859 700 2910 verbo
717 2857 794 2907 finito.
829 2856 951 2918 Absorpta
967 2854 1045 2904 fuisse
1064 2855 1162 2905 videtur
1177 2850 1240 2903 tenni

123 2936 224 2987 natione
240 2937 352 2986 vocabuli
368 2939 539 3001 praecedentis.

157 3012 194 3078 (5)
228 3013 300 3064 Hanc
325 3015 470 3072 lectionem,
497 3031 561 3080 quae
584 3017 646 3062 teste
673 3014 795 3076 Stephano
813 3011 933 3072 reperitur
948 3010 975 3058 in
992 3010 1137 3074 quibusdam
1153 3011 1240 3058 codar

123 3097 221 3142 auctore
244 3092 342 3142 Reislrio
366 3093 393 3141 in
417 3093 507 3154 Paria,
534 3088 637 3154 vulgata
661 3092 735 3154 longe
759 3090 949 3139 luculentiorem
973 3089 1015 3136 isti
1039 3088 1161 3150 praeferre
1177 3087 1240 3136 nullu

123 3172 239 3220 dubitavi.
274 3171 369 3236 Vulgo:
387 3175 470 3222 ταῦτα
487 3173 536 3237 γὰρ
554 3169 578 3220 οἳ
596 3189 621 3219 τε
640 3169 695 3218 κατ’
713 3169 794 3220 αὑτὸν
810 3169 939 3233 γενόμενοι
956 3169 1080 3222 πάντες
1097 3166 1240 3229 ἐπιτιμῶσιν

123 3248 159 3300 ὧν
182 3252 213 3297 τὰ
225 3248 348 3319 ’ὀνόματα
363 3250 437 3300 οὐδὲν
455 3250 490 3300 δεῖ
506 3267 534 3313 με
552 3249 642 3314 λέγειν.
675 3249 706 3298 Ιιι
724 3264 771 3313 qua
788 3248 908 3310 scriptura
924 3250 978 3295 tum
995 3246 1042 3295 alia
1059 3245 1187 3294 offensioni
1203 3262 1240 3294 suu

124 3332 179 3376 tum
204 3328 310 3376 maxime
337 3327 418 3377 istud:
436 3329 603 3385 πάντες-ὠν
623 3330 654 3376 τὰ
673 3328 787 3392 ὀνόματα
805 3328 870 3387 nri,
887 3343 936 3390 quo
952 3327 1010 3390 quid
1026 3326 1132 3387 ineptius
1150 3331 1240 3389 exputa:

123 3407 199 3467 possit
215 3421 266 3454 non
283 3406 380 3468 reperio.
414 3406 483 3457 Idem
500 3406 654 3469 Kruegerum
671 3406 742 3455 video
759 3405 885 3454 iudicasse.
903 3433 935 3442 -
960 3404 1021 3453 Mox
1038 3404 1118 3452 delevi
1134 3404 1240 3452 articula]

125 3489 182 3533 ante
199 3484 367 3549 διθύραμβον.
403 3485 441 3536 Of.
458 3504 482 3538 v.
501 3503 519 3536 c⁴
540 3487 620 3536 infra:
637 3485 676 3551 ἀφ’
694 3483 724 3545 ῆς
742 3485 830 3543 αἰτίας
842 3485 904 3549 ἔρως
916 3485 989 3544 ἐτέθη
1003 3487 1040 3548 τῷ
1052 3485 1129 3534 πάθει
1144 3486 1240 3546 τοῦνομ

125 3562 184 3614 cod.
217 3566 244 3615 P.
262 3567 291 3613 τὸ
312 3565 481 3630 διθύραμβον.
499 3566 592 3616 Deinde
600 3583 650 3615 non
665 3567 788 3630 intelligo,
804 3566 862 3630 quid
879 3566 925 3615 sibi
942 3565 1022 3615 velint
1040 3567 1088 3614 ista
1105 3565 1202 3624 ἀληθὲς
1219 3565 1240 3613 ὄι

125 3642 168 3697 ubi
190 3643 289 3691 mallem
313 3644 348 3706 μὴ
366 3646 460 3702 ἀληθὲς
477 3645 561 3694 ὂνεεί
577 3647 612 3709 μὴ
630 3647 725 3706 ἀληθὲς
744 3647 792 3705 ἦν,
821 3643 847 3692 ni
862 3644 917 3706 plus
933 3644 991 3693 vitii
1008 3644 1104 3693 submse
1123 3643 1240 3705 aruspicum

159 3720 198 3785 (6)
231 3724 264 3778 ὡς
282 3721 361 3772 ἔοικεν
380 3737 425 3771 om.
444 3722 495 3771 cod.
514 3724 550 3786 P,
568 3728 593 3771 et
608 3724 692 3786 paullo
709 3728 766 3772 ante
783 3722 820 3782 δὴ.

160 3797 196 3863 (7)
231 3797 356 3848 Vocabula
373 3802 424 3864 ἅμα
442 3806 496 3859 τοῖς
513 3802 622 3866 ἀγαθοῖς
639 3808 683 3852 aut
700 3801 932 3865 interponerent,
951 3804 995 3849 aut
1011 3801 1193 3862 transponenda
1209 3816 1239 3848 an

128 3879 186 3927 τινὰ
203 3878 253 3929 καί.

160 3955 195 4019 (8)
232 3955 271 4004 Sic
289 3970 334 4016 ope
351 3955 401 4004 cori
421 3955 530 4005 Ambroe.
547 3957 642 4006 correxi
658 3959 787 4021 vulgatam
803 3959 946 4009 lectionem:
963 3957 1126 4023 παράδειγμα
1139 3957 1165 4006 δὲ
1178 3964 1240 4007 ποια

125 4050 169 4100 μαι
196 4037 242 4101 τῆς
268 4051 295 4097 γε
321 4032 423 4096 ὑψηλῆς
448 4033 540 4092 λέξεως
556 4035 581 4091 ἐξ
599 4036 654 4094 ἑνὸς
670 4037 777 4099 βιβλίου
795 4045 846 4089 τῶν
863 4038 935 4087 πάνυ
952 4036 1126 4099 περιβοήτων.
1164 4037 1240 4099 Legit

125 4125 211 4173 nempe
227 4109 254 4158 in
271 4125 299 4158 eo
316 4110 398 4159 codice
414 4111 461 4160 sic:
479 4111 639 4176 παράδειγμα
657 4113 712 4178 (sic)
730 4116 754 4163 δὲ
773 4119 821 4173 τῆς
839 4114 932 4179 ἰσχνῆς
948 4116 990 4162 καὶ
1002 4112 1108 4175 ὑψηλῆς
1121 4117 1146 4161 et
1157 4115 1240 4178 reliqn:

126 4193 154 4239 ut
171 4187 243 4240 edidi.
268 4186 384 4238 Similiter
400 4188 463 4238 alius
479 4189 569 4252 codex,
587 4190 634 4238 nisi
650 4192 714 4254 quod
730 4196 794 4240 reete
811 4191 910 4240 exhibet
928 4190 1132 4255 παραδείγματα.

161 4264 197 4330 (9)
232 4266 399 4328 διατέθειται,
439 4267 532 4317 omissis
560 4269 681 4318 vocabulis
710 4271 723 4318 ὁ
752 4271 902 4333 Σωκράτης,
930 4269 980 4316 cod.
1011 4269 1083 4320 imb.
1112 4275 1157 4318 et:
1186 4270 1240 4319 διατ

127 4346 210 4395 θειται
240 4348 253 4397 ὁ
286 4345 422 4409 Σωκράτης
452 4346 546 4411 λόγους
563 4347 614 4396 cod.
631 4349 659 4398 P.
709 4347 772 4398 Vide
800 4361 832 4396 an
858 4347 892 4396 sit
915 4346 1086 4398 scribendum:
1113 4346 1240 4398 διατὲθι
