2754 5018
757 254 780 318 2

199 445 363 531 παργίνουν
397 471 447 509 σοι
477 447 518 527 μὴ
548 447 625 508 πῖισι
648 451 716 519 τοῖς
739 438 934 526 παραδόξοις
956 443 1134 527 προσέχειν·
1162 441 1205 511 ὡς
1229 435 1262 502 δὲ
1286 441 1335 502 καὶ

198 543 337 627 τούνομα
366 539 505 627 τάνδρὸς
524 540 562 621 (l)
597 543 779 623 ἐπυθόμην,
813 540 851 605 ὃν
886 542 947 625 ἐγὼ
971 545 1019 604 καὶ
1042 547 1099 604 τοῦ
1122 539 1223 616 ἤθους
1249 538 1336 600 ἕνεκα

199 647 248 707 καὶ
271 647 335 706 τῶν
358 641 481 706 λοιπῶν
504 636 719 725 ἀποδέχομαι,
750 641 934 719 ἐθαύμασα,
958 642 1006 703 καὶ
1029 638 1134 711 πολὺς
1157 639 1190 699 ἐν
1213 638 1335 719 ἐμαυτῷ

198 744 389 825 γενόμενος,
413 738 650 822 ἐπιμελεστέρας
673 735 761 822 η’ίμην
785 734 905 802 δεῖσθαι
928 739 1066 819 σκέψεως
1081 737 1117 799 τὸ
1133 738 1275 818 πρᾶγμα,
1293 735 1335 813 μά

121 861 124 864 ’
197 868 273 905 ποτε
304 839 419 911 λέληθέ
452 865 487 918 με
518 837 657 914 τάληθὲς
689 835 791 912 οὕτως
815 835 914 920 ἐχον,
950 840 998 899 καὶ
1022 831 1114 899 οὐδὲν
1137 838 1198 907 εἰκῆ
1222 828 1335 916 τάνδρὶ

196 941 328 1025 εἴρηται,
350 940 391 1002 ‘lv'
414 937 432 1012 ἢ
454 939 513 1012 τὴν
537 935 653 1011 δόξαν,
676 934 717 1010 ἣν
733 937 890 1019 πρότερον
906 936 1002 1010 αὐτὸς
1018 935 1125 1019 εἶχον,
1146 935 1336 1014 μεταθείην,

195 1041 307 1122 μαθὼν
330 1041 378 1102 ότι
400 1043 608 1121 προτεροῦσιν
630 1039 694 1100 τῶν
719 1038 946 1116 Δημοσθένους
968 1035 1080 1119 λόγων
1104 1037 1134 1097 αἱ
1156 1034 1336 1117 Ἀριστοτέ-

197 1138 277 1212 λους
299 1141 456 1222 τέχναι,
479 1135 498 1209 ἢ
521 1137 580 1200 τὸν
603 1131 754 1212 ούτωςίῖ)
780 1135 938 1218 ἐγνωκότα
963 1138 1011 1197 καὶ
1034 1135 1154 1218 γράφοι
1177 1159 1213 1216 γε
1242 1157 1336 1214 παρε-

196 1239 423 1318 σκευασμένον,
446 1239 522 1318 πρὶν
546 1237 589 1310 εἷς
612 1232 719 1320 ὄχλον
735 1229 878 1298 ἐκδοῦναι
888 1233 925 1296 τὸ
941 1236 1117 1318 σύνταγμα,
1140 1227 1337 1315 μεταβαλεῖν

195 1339 331 1417 πείσαιμι
354 1336 413 1410 τὴν
437 1329 548 1408 δόξαν.

630 1605 797 1682 CAPUT
840 1607 892 1681 II.

239 1787 306 1850 Οὐκ
327 1785 501 1871 ἐλαχίστην
524 1781 557 1848 δέ
577 1812 630 1866 μοι
653 1789 701 1849 καὶ
726 1788 764 1849 σὺ
781 1789 944 1872 παρέσχου
959 1784 1068 1870 ῥοπὴν
1081 1789 1126 1861 εἷς
1141 1785 1178 1850 τὸ
1193 1786 1236 1867 μὴ
1254 1811 1334 1866 παρ·

191 1889 292 1970 έργως
329 1882 469 1957 ἐξετάσαι
496 1884 555 1957 τὴν
577 1883 749 1962 ἀλήθειαν,
781 1883 972 1970 παρακαλῶν
1009 1888 1165 1969 φανεροὺς
1204 1894 1334 1960 ποιῆσαι

192 1986 268 2058 τοὺς
290 1982 432 2068 λόγους,
456 1981 506 2055 οἷς
528 1982 661 2062 ἐμαυτὸν
684 1986 831 2047 πέπεικα·
879 1987 1107 2065 Δημοσθένους
1131 1981 1333 2065 ἀκμάζοντος

192 2081 270 2161 ἥδη,
306 2091 355 2148 καὶ
388 2087 464 2158 τοὺς
499 2086 767 2166 ἐπιφανεστάτους
805 2085 966 2167 εἰρηκότος
995 2085 1124 2170 άγιῖνας
1137 2132 1146 2160 ,
1185 2084 1257 2147 τόθ’
1281 2080 1331 2147 ὑπ’

191 2184 435 2270 ’Ἀριστοτέλους
467 2184 526 2257 τὰς
554 2181 762 2270 ῥητορικὰς
793 2185 971 2269 γεγράφθαι
993 2188 1150 2270 τέχνας.
1200 2181 1330 2258 Εδόκεις

191 2281 223 2348 δέ
237 2281 274 2363 (5)
310 2311 363 2366 μοι
386 2287 434 2347 καὶ
457 2282 543 2346 τοῦτ’
568 2286 675 2368 ὀρθῶς
697 2292 888 2367 παραινεῖν,
910 2285 952 2366 μὴ
975 2288 1135 2366 σημείοις,
1157 2280 1228 2366 μηδ’
1253 2285 1328 2347 εἰκό-

190 2412 220 2448 σι
231 2382 294 2462 (ll,
329 2381 400 2466 μηδ’
434 2381 623 2468 ἀλλοτρίαις
656 2384 693 2448 τὸ
728 2386 859 2467 πρᾶγμα
881 2385 1099 2448 πιστώσασθαι
1120 2386 1306 2467 μαρτυρίαις
1318 2428 1327 2458 ,

188 2481 290 2558 ἐπειδὴ
324 2487 446 2548 τούτων
478 2480 606 2565 οὐδεμία
637 2487 702 2548 τῶν
724 2487 862 2549 πίστεων
890 2480 928 2549 δι’
953 2484 1136 2570 ἀναγκαίων
1158 2485 1327 2568 συνάγεται

192 2585 375 2667 λημμάτων·
399 2583 474 2648 ἀλλ’
496 2586 594 2648 αὐτὸν
615 2585 820 2668 Ἀριστοτέλη
842 2590 1069 2671 παρασχέσθαι
1092 2582 1141 2651 διὰ
1157 2591 1222 2650 τῶν
1239 2584 1328 2651 ἰδίων

193 2688 349 2769 τεχνῶν
372 2682 598 2768 ὁμολογοῦντα
620 2681 760 2758 τάληθὲς
782 2685 885 2760 ούτως
900 2685 995 2770 ἐχειν.
1030 2692 1132 2750 Τοῦτο
1148 2681 1186 2761 δὴ
1197 2688 1328 2759 πεποίη-

193 2812 230 2847 κα
243 2831 252 2859 ,
274 2779 416 2866 βέλτιστ’
442 2782 590 2864 Ἀμμαῖε,
624 2791 680 2856 τῆς
701 2783 727 2846 τ’
750 2782 902 2859 ἀληθείας
924 2787 1185 2869 προνοούμενος,
1216 2782 1257 2859 ἣν
1281 2786 1327 2848 ἐπὶ

192 2885 314 2961 παντὸς
343 2882 447 2963 οίομαι
478 2879 541 2946 δεῖν
571 2883 759 2967 πράγματος
781 2881 1002 2960 ἐξετάζεσθαι,
1025 2890 1073 2949 καὶ
1096 2895 1151 2960 τῆς
1175 2885 1328 2951 ἁπάντων

157 3067 159 3071 ¹
191 2990 256 3048 τῶν
278 2990 347 3069 περὶ
381 2986 457 3056 τοὺς
480 2981 665 3057 πολιτικοὺς
686 2982 811 3068 λόγους
833 2983 1074 3050 ἐσπουδακότων
1097 2989 1232 3072 χάριτος
1244 3036 1254 3064 ,
1278 2991 1328 3054 ῖνα

191 3086 232 3165 μὴ
266 3082 355 3147 τοῦθ’
384 3079 620 3166 ὑπολάβωσιν,
652 3084 700 3146 ότι
722 3087 824 3147 πάντα
847 3084 1042 3170 περιείληφεν
1065 3087 1084 3160 ἡ
1107 3090 1328 3171 περιπατητικὴ

192 3182 366 3267 φιλοσοφία
389 3181 427 3245 τὰ
449 3179 598 3266 ῥητορικὰ
621 3181 889 3267 παραγγέλματα·
913 3188 961 3249 καὶ
985 3183 1054 3249 οὔθ’
1070 3189 1100 3250 οἱ
1116 3190 1185 3270 περὶ
1203 3186 1329 3253 Θεόδω-

190 3309 250 3366 ρον
291 3285 340 3345 καὶ
371 3283 589 3365 Θρασύμαχον
624 3287 673 3346 καὶ
704 3281 903 3366 Ἀντιφῶντα
936 3281 1077 3360 σπουδῆς
1112 3283 1203 3358 άξιον
1233 3284 1328 3354 οὐδὲν

191 3381 306 3466 εὗρον,
341 3376 406 3442 οὔτ’
436 3379 621 3463 Ἰσοκράτης
652 3385 701 3444 καὶ
723 3377 928 3459 Ἀναξιμένης
952 3388 1000 3446 καὶ
1022 3381 1233 3465 Ἀλκιδάμας,
1259 3384 1329 3450 οὔθ’

190 3482 220 3542 οἱ
243 3481 368 3551 τούτοις
391 3473 631 3561 συμβιώσαντες
653 3487 723 3553 τοῖς
746 3477 902 3563 ἀνδράσι,
925 3481 1202 3567 παραγγελμάτων
1224 3511 1329 3571 τεχνι-

222 3651 258 3716 (1)
292 3650 366 3700 codo
391 3654 436 3702 τοῦ
459 3651 570 3715 ἀνδρός,
595 3656 621 3701 et
637 3669 695 3703 mox
712 3657 749 3719 τῷ
765 3655 849 3718 ἀνδρί.
884 3655 933 3703 Pro
951 3661 1003 3706 τῶν
1019 3658 1092 3717 ἠθῶν
1109 3657 1166 3707 dedi
1181 3661 1227 3710 τοῦ
1246 3661 1327 3722 ἤθους

189 3747 203 3780 o
221 3731 314 3779 Reiskii
330 3730 473 3778 oonieoturo

221 3809 257 3876 (2)
291 3807 323 3857 In
336 3809 380 3856 hoo
388 3808 492 3856 lectione
500 3808 639 3870 conspirent
651 3808 700 3858 cod.
714 3809 773 3872 Reg.
786 3813 810 3858 et
821 3807 891 3859 Amo
901 3811 942 3873 P.,
960 3810 1008 3859 nisi
1018 3812 1084 3875 quod
1092 3827 1136 3875 pro
1152 3813 1325 3877 βεβαιωᾶῶ

189 3885 280 3950 μαθὼν
303 3883 414 3947 rescripsi
438 3887 611 3948 μεταθείην
627 3887 723 3947 μαθών.
758 3885 824 3936 Nom
841 3886 907 3943 houd
923 3887 995 3936 dubie
1010 3888 1155 3950 interpolata
1170 3896 1209 3940 ost
1225 3893 1328 3957 vulgata

188 3965 272 4025 lectio,
297 3980 371 4028 quam
392 3968 534 4026 receperunt
559 3965 663 4014 editores
689 3980 795 4028 emerg.
814 3965 982 4018 Demosthenis
999 3967 1113 4018 Metelli:
1136 3967 1170 4022 ἵν’
1189 3971 1206 4030 ἣ
1223 3974 1329 4039 μαθὼν,

188 4042 229 4092 ότι
253 4044 421 4105 προτεροῦσιν
439 4048 489 4092 τῶν
506 4044 684 4105 Δημοσθένους
702 4044 784 4108 λόγων
803 4046 829 4093 αὶ
847 4045 1039 4107 Ἀριστοτέλους
1056 4047 1156 4112 τέχναι,
1172 4048 1237 4101 ἑκὼν
1252 4068 1326 4115 μετα·

188 4121 296 4179 δοξάσω,
314 4121 330 4179 ὴ
348 4121 501 4169 τούναντίον
518 4119 636 4183 φωράσας
648 4123 697 4180 τὴν
709 4120 797 4182 δόξαν,
809 4122 843 4180 ἣν
854 4124 980 4186 πρότερον
992 4125 1071 4183 αὐτὸς
1079 4125 1164 4190 ἔσχον,
1173 4125 1324 4190 βεβαινθιῖ,

187 4201 230 4248 καὶ
247 4201 293 4248 τὸν
308 4199 395 4255 ἄλλως
411 4197 539 4262 ἐγνωκότα
556 4197 606 4247 κτέ.
640 4198 689 4246 Pro
705 4198 782 4262 ἔσχον
798 4199 829 4247 de
844 4214 898 4248 meo
915 4201 1025 4265 rescripsi
1042 4205 1118 4267 εἶχον.

221 4275 257 4339 (3)
292 4274 374 4336 Vulgo
391 4274 430 4334 τί,
447 4276 512 4338 quod
529 4291 582 4324 meo
600 4276 679 4326 Marte
695 4276 795 4327 correxi.

220 4353 256 4419 (4)
290 4353 331 4402 An
348 4354 488 4414 eloaolatc?
