2754 5018
659 271 702 342 59

105 460 391 538 λυθῆσεσθαι.”
435 464 479 527 Τὸ
502 461 563 549 γάρ
597 465 788 548 ὑμέτερον
820 463 891 528 ἀντὶ
924 470 981 530 τού
1004 465 1113 549 ὑμεῖς
1135 470 1241 554 παρεί-

107 561 243 642 ληπται,
264 567 393 649 πρᾶγμα
415 560 563 649 ὑπάρχον
587 561 656 628 ἀντί
680 562 826 644 σώματος
842 558 894 642 (ί).

549 793 716 921 cnm
749 793 818 871 XV·

155 994 213 1060 ‘Ev
247 992 279 1060 δέ
311 1003 380 1069 τοῖς
410 995 605 1076 ἐνδυμῆμασί
630 1019 662 1056 τε
690 995 737 1056 καί
761 994 916 1075 νοήμασιν
939 995 970 1057 αἱ
991 992 1105 1077 μεταξὺ
1128 1023 1241 1082 παρεμ-

112 1098 267 1172 πτώσεις,
299 1095 420 1162 πολλοὶ
453 1097 639 1182 γιγνόμεναι
661 1098 710 1158 καὶ
731 1093 827 1176 μόλις
849 1095 898 1158 ἐπὶ
920 1094 956 1158 τὸ
979 1094 1072 1174 τίλος
1095 1096 1241 1182 ἀφικνού-

111 1226 218 1281 μεναι,
242 1194 280 1262 δι’
301 1195 340 1272 ἀς
363 1199 382 1272 ἡ
407 1196 521 1281 φράσις
544 1192 889 1280 δυσπαρακολούθητος
912 1197 1077 1280 γίγνεται,
1098 1195 1243 1262 πλεῖσται

111 1302 166 1382 μέν
189 1301 246 1363 είσι
268 1297 336 1362 καθ’
360 1296 441 1372 ὅλην
462 1298 520 1373 τὴν
542 1299 705 1382 ἱστορίαν,
727 1297 892 1382 ἀρκέσουσι
915 1294 942 1362 δ’
957 1299 989 1362 ἐκ
1002 1303 1059 1363 τοῦ
1074 1303 1241 1384 προοιμίου

112 1397 170 1465 δύο
193 1398 361 1484 ληφθεῖσαι
381 1401 490 1481 μόναι·
513 1397 532 1474 ῆ
555 1425 586 1463 τε
609 1394 752 1474 δηλοῦσα
767 1399 825 1474 τὴν
840 1398 1005 1464 ἀσθένειαν
1019 1403 1083 1466 τῶν
1097 1400 1242 1486 ἀρχαίων

110 1508 165 1578 τῆς
189 1495 349 1574 Ἑλλάδος
364 1500 559 1584 πραγμάτων
574 1498 695 1572 καὶτὰς
712 1501 812 1573 αἰτίας
829 1495 1079 1565 ἀποδιδούσα-
1092 1507 1185 1575 »Τῆς
1201 1498 1238 1581 (ί)

111 1599 189 1686 γὰρ
228 1603 414 1684 ἐμπορίας
456 1599 523 1664 ούκ
557 1597 675 1674 οὔσης
710 1596 788 1665 οὐδ’
821 1600 1089 1686 ἐπιμιγνύντες
1123 1596 1241 1676 ιἰδεαῖς

113 1698 312 1775 ἀλλήλοις
356 1696 441 1765 ούτε
486 1700 577 1765 κατὰ
613 1708 686 1785 γῆν
708 1696 745 1779 (ὅ)
784 1696 875 1765 ούτε
909 1697 970 1766 διὰ
1007 1699 1240 1780 θαλάσσης,

112 1803 319 1885 νεμόμενοί
354 1829 389 1866 τε
412 1799 449 1881 (4)
488 1799 530 1867 τά
567 1802 690 1867 αύτιύν
724 1802 904 1880 ἕκαστοι,
938 1805 1033 1867 ὅσον
1067 1801 1241 1879 ἀποζῆν,

113 1906 178 1967 καὶ
209 1905 456 1988 περιουσίαν
485 1903 703 1989 χρημάτων
736 1902 809 1968 ούκ
842 1903 1015 1988 ἔχοντες
1047 1899 1134 1968 ούτε
1166 1911 1241 1987 γῆν

113 2004 377 2088 φυτεύοντες,
408 1998 570 2077 ἄδηλον
593 2003 650 2081 ὅν,
674 1999 844 2083 ὁπότε(5)
869 2031 932 2078 τις
955 2000 1155 2080 ἐπελθὼν,
1178 2009 1240 2069 καὶ

113 2104 360 2189 ἀτειχίστων
395 2101 454 2181 ἀμ’
472 2098 510 2181 (6)
547 2103 697 2180 ὄντων,
720 2100 852 2178 ἄλλος
874 2101 1159 2189 ἀφαιρήσεται,
1181 2113 1241 2183 τῆς

111 2232 146 2269 τε
166 2202 246 2269 καθ’
267 2201 449 2287 ῆμίρανΠ)
467 2203 673 2288 ἀναγκαίου
696 2213 836 2289 τροφῆς
859 2209 1057 2290 πανταχοῦ
1073 2201 1118 2268 ἂν
1133 2204 1241 2290 ἡγού-

109 2333 225 2388 μενοι
257 2306 479 2389 ἐπικρατεῖν
500 2300 559 2385 (8),
583 2305 628 2369 ού
655 2303 843 2391 χαλεπαῖς
869 2300 1241 2384 άπανίσταντο.”(9).

111 2406 156 2469 Τὸ
191 2403 252 2490 γάρ
286 2405 329 2468 οὐ
364 2404 556 2490 χαλεπαῖς
596 2405 873 2471 ἀπανίσταντο
892 2401 952 2485 (10)
993 2407 1167 2490 προστεθὲν
1205 2408 1244 2490 τῆ

110 2505 220 2591 πρώτρ
241 2500 375 2590 περιόδῳ
399 2509 447 2570 καὶ
469 2509 684 2591 σχηματισθὲν
701 2505 798 2570 οὕτω·
823 2512 924 2581 »Τῆς
946 2501 995 2589 γά
1003 2531 1022 2590 ρ
1045 2506 1241 2588 ἐμπορίας

111 2605 186 2670 οὐκ
216 2603 337 2681 ούσης
368 2602 445 2670 οὐδ’
467 2608 755 2693 ἐπιμιγνύντες
777 2601 902 2680 ιἰδεῶς
924 2603 1130 2680 άλλῆλοις
1152 2601 1242 2671 ούτε

112 2702 210 2770 κατά
243 2713 317 2790 γῆν
350 2703 442 2770 ούτε
472 2702 542 2772 διά
564 2701 874 2785 ἀαλάσσηςΗί),
897 2707 1115 2789 νεμόμενοι
1137 2700 1243 2771 δὲτὰ

113 2810 263 2874 ἑαυτῶν
292 2808 450 2873 ἕκαστοι
484 2810 584 2874 ὅσον
617 2807 793 2885 ἀποζῆν,
823 2807 868 2872 οὐ
893 2806 1078 2894 χαλεπαῖς
1100 2807 1241 2872 ἀπανί-

113 2908 278 2975 σταντο”
312 2912 527 2995 φανερωτέραν
561 2907 600 2975 iv
629 2910 724 2974 ἐποίει
753 2910 812 2984 τὴν
834 2904 998 2988 διάνοιαν,
1019 2904 1060 2983 ῆν
1082 2908 1101 2983 ἡ
1124 2934 1239 2994 παρεμ-

113 3075 241 3087 -μ-ρ-η-

145 3169 182 3236 (1)
216 3166 298 3232 Vulgo
325 3169 371 3219 τοῦ
397 3169 519 3232 σώματος.
552 3167 690 3218 Articulum
717 3162 797 3219 'delevi
812 3183 867 3219 eum
883 3165 962 3217 BMR.
979 3165 1106 3218 Praeterea
1123 3164 1149 3214 M
1167 3163 1242 3215 habet

116 3250 240 3313 ὀνόματος
256 3251 281 3297 et
297 3246 332 3296 ita
348 3246 375 3296 L.
409 3246 469 3295 Mox
486 3261 539 3308 cap.
557 3247 605 3299 XV
622 3247 676 3296 init.
688 3251 798 3312 suspecte
809 3247 885 3298 habeo
895 3246 1012 3301 voeabula
1022 3263 1049 3298 τε
1059 3246 1101 3296 ταί
1111 3246 1244 3310 νοήμασιν.

147 3327 182 3393 (2)
217 3328 263 3392 μέν
280 3328 390 3376 inserunt
406 3326 463 3376 LM.

147 3408 185 3473 (3)
220 3408 362 3472 οὗτε-γῆν
379 3421 423 3455 om.
443 3405 472 3457 C.
489 3406 715 3466 οὕτε-θαλάσσης
731 3421 776 3456 onn
793 3403 821 3455 L.

146 3484 181 3550 (4)
216 3484 242 3535 δέ
258 3481 287 3534 L.

145 3564 181 3630 (5)
218 3565 281 3614 πότε
296 3561 330 3612 Μ.

145 3643 184 3708 (6)
219 3644 272 3708 άμα
289 3643 441 3707 ἀτειχίστων
458 3641 582 3692 ΑΒΟΜΒ.

147 3723 184 3790 (7)
218 3722 277 3774 καθ’
295 3720 391 3787 ἡμέραν
408 3723 526 3772 omittunt
542 3721 668 3772 ABCMR.

146 3804 183 3869 (8)
218 3807 356 3868 πανταχοῦ
378 3805 412 3854 ἀν
427 3805 516 3870 ὁμοίως
532 3805 566 3863 ὡς
583 3803 764 3870 ἐπικρατήσειν
781 3801 887 3868 οἰόμενοι
903 3801 967 3867 ΔΜ,
985 3803 1010 3850 et
1027 3799 1114 3852 omisso
1131 3801 1176 3860 ὡς,
1192 3795 1242 3850 BC.

148 3883 184 3951 (9)
219 3884 295 3934 Τίτου.
313 3883 340 3947 Ι,
357 3900 375 3934 ο,
393 3889 413 3934 2.
431 3887 573 3936 ἀνίσταντο
591 3900 673 3934 omnes
689 3883 737 3934 mei
754 3885 849 3946 praeter
859 3880 887 3930 L.

148 3962 200 4029 (10)
236 3961 333 4012 Inserui
354 3967 383 4016 τὸ
405 3992 438 4000 —-
457 3964 637 4014 ἀπανίσταντο
661 3978 692 4013 ex
707 3960 824 4026 palmaria
840 3957 933 4010 Reiekii
948 3958 1128 4022 emendatione,
1144 3957 1243 4022 insuper

115 4044 255 4108 requirens:
284 4043 392 4108 περιόδῳ
420 4044 678 4109 σχηματισθείσρ
705 4041 780 4094 ούτω.
815 4039 897 4090 Habet
920 4043 999 4089 autem
1026 4039 1167 4104 προστεθὲν
1183 4039 1241 4104 γάρ

116 4123 164 4171 κτέ.
198 4120 236 4186 Β,
263 4123 329 4171 unde
355 4123 446 4185 possis:
473 4125 615 4187 προστεθὲν
638 4125 686 4190 γὰρ
717 4126 746 4174 τὸ
780 4121 815 4172 ού
843 4122 991 4185 χαλεπῶς
1017 4119 1243 4169 ἀπανίσταντο

118 4220 148 4267 τη
165 4201 215 4252 τοτὲ.

148 4282 201 4348 (11)
235 4281 359 4332 voeabula
376 4283 602 4345 οὗτε-θαλάσσης
618 4281 708 4334 inserui
723 4297 737 4330 e
753 4280 805 4331 cod.
824 4276 854 4330 B.
888 4276 980 4330 Eadem
994 4277 1044 4329 iam
1060 4277 1090 4327 de
1107 4277 1244 4328 coniectura

118 4361 237 4412 adiecerat
252 4360 399 4424 Kruegerus.
433 4361 571 4412 Venabula:
588 4360 941 4427 προστεθὲν-ἀπανίσταντο
956 4359 1028 4423 piane
1043 4357 1152 4421 neglexit
1169 4356 1196 4406 L.
1213 4355 1244 4406 In

118 4440 257 4493 ἀνίσταντο
273 4441 361 4491 iterum
377 4442 514 4506 conspirant
530 4457 613 4494 omnes
628 4443 677 4493 mei
690 4443 786 4504 praeter
801 4439 833 4491 L.
