2754 5018
642 299 713 365 *49

121 494 185 555 τῶν
218 490 282 574 πρὸ
313 490 428 566 αὑτοῦ,
458 488 612 565 πλείστην
643 487 901 572 εἰσενεγκάμενος
923 496 1158 577 πραγματείαν,
1191 499 1259 562 τοτέ

117 594 175 672 μὲν
196 587 304 673 λόγον
326 585 361 662 ἐξ
384 589 542 670 ὀνόματος
565 591 687 665 ποιῶν,
711 590 779 650 τοτέ
803 581 829 649 δ’
850 582 888 665 (ί)
915 590 959 663 εἷς
983 591 1087 672 ὄνομα
1109 596 1260 679 συνάγων

118 691 176 756 τὸν
198 690 326 775 λόγον·
350 693 398 753 καὶ
422 695 481 754 νῦν
502 695 559 770 μὲν
581 690 618 753 τὸ
633 684 805 772 ῥηματικὸν
822 690 1020 769 ὀνοματικῶς
1037 689 1076 772 (θ)
1106 695 1259 779 ἐκφέρων,

116 787 210 868 αὖθις
233 787 266 855 δὲ
287 786 427 868 τοῦνομα
448 785 532 873 ῥῆμα
555 791 676 864 ποιῶν,
701 791 749 851 καὶ
773 787 878 853 αὐτῶν
900 818 936 875 γε
960 794 1082 856 τούτων
1108 794 1258 879 ὀναστρέ·

119 902 190 974 φων
220 889 279 964 τὰς
303 891 456 974 χρήσεις,
482 889 535 952 ἰ’να
557 889 594 953 τὸ
616 892 672 969 μὲν
696 889 885 970 ὀνοματικὸν
907 894 1147 977 προσηγορικὸν
1169 897 1260 976 γίυιμ

118 1016 186 1064 ται,
220 989 258 1052 τό
290 984 321 1053 δέ
353 988 592 1072 προσηγορικὸν
626 989 821 1069 ὀνοματικῶς
844 984 973 1074 λέγηται
991 989 1048 1069 (5)·
1073 996 1121 1056 καὶ
1144 992 1180 1057 τό
1204 998 1261 1075 μὲν

118 1088 277 1163 παθητικὰ
310 1085 434 1173 ῥήματα
462 1085 649 1172 δραστήρια,
673 1086 711 1150 τό
735 1083 767 1152 δὲ
790 1083 963 1172 δραστήρια
985 1092 1156 1164 παθητικά·
1180 1088 1261 1168 πλη-

119 1190 280 1253 θυντικῶν
314 1183 346 1251 δὲ
370 1191 418 1251 καὶ
442 1188 553 1251 ἑνικῶν
576 1183 780 1249 ἐναλλάττων
810 1187 869 1261 τὸς
892 1188 1000 1270 φάσεις
1023 1193 1072 1252 καὶ
1098 1190 1261 1266 ὀντικατη·

118 1292 230 1373 γορῶν
275 1287 359 1352 ταῦτ’
399 1285 572 1361 άλλήλων·
603 1284 728 1361 θηλυκά
760 1286 787 1349 τ’
820 1285 998 1371 ὀρρενικοῖς
1031 1292 1079 1354 καὶ
1114 1289 1260 1375 άρρενικό

118 1387 275 1465 θηλυκοῖς
306 1391 355 1451 καὶ
386 1384 530 1469 οὐδέτερα
561 1386 684 1449 τούτων
715 1388 777 1448 τισὶ
801 1380 983 1464 συνάπτων,
1017 1385 1051 1461 ἐξ
1073 1388 1117 1453 ών
1140 1390 1159 1463 ή
1184 1387 1260 1453 κατά

119 1491 217 1574 φάσιν
246 1485 423 1551 ὀκολονθία
451 1483 629 1549 πλανῖιται·
653 1480 710 1558 τάς
734 1481 764 1548 δὲ
788 1489 853 1550 τῶν
876 1490 1071 1568 ὀνοματικῶν
1094 1487 1113 1562 ἢ
1134 1515 1259 1573 μετοχι-

119 1594 182 1654 κῶν
212 1587 347 1662 πτώσεις
381 1590 450 1651 τοτὲ
483 1590 540 1668 μὲν
562 1585 646 1667 πρὸς
667 1584 704 1647 τὸ
729 1587 960 1669 σημαινόμενον
984 1585 1048 1652 ὀπό
1070 1593 1126 1651 τοῖι
1150 1591 1258 1672 σημαί-

119 1716 238 1762 νοντας
271 1689 499 1771 ἀποστρέφων,
532 1688 602 1748 τοτὲ
636 1681 667 1748 δέ
690 1685 773 1766 πρὸς
796 1685 833 1748 τό
857 1695 1012 1768 σημαῖνον
1035 1686 1099 1751 ἀπὸ
1122 1693 1178 1751 τοῦ
1202 1717 1256 1764 ση·

117 1789 307 1871 μαινομένου
324 1782 383 1865 (4)·
418 1787 452 1848 ἐν
485 1780 516 1849 δὲ
549 1791 619 1858 τοῖς
649 1779 841 1858 συνδετικοῖς
875 1789 923 1850 καὶ
956 1794 1025 1860 τοῖς
1059 1789 1257 1872 προθετικοῖς

117 1893 243 1976 μορίοις
267 1888 335 1953 κάτι
356 1885 485 1968 μᾶλλον
508 1889 541 1950 ἐν
563 1894 632 1958 τοῖς
655 1881 841 1970 διαρθροῦσι
862 1884 919 1962 τός
941 1893 1006 1953 τῶν
1029 1889 1197 1971 ὀνομάτων
1216 1887 1254 1971 (5)

120 1986 267 2073 δυνάμεις
302 1993 433 2062 ποιητοῦ
463 1987 586 2070 τρόπον
619 1982 857 2059 ἐνεξουσιάζων.
913 1985 1054 2052 Πλεῖστα
1088 1984 1115 2053 δ’
1148 1987 1187 2053 άν
1209 2017 1257 2065 τις

121 2090 204 2176 εὕροι
231 2089 306 2174 παρ’
337 2088 421 2172 αιίτηῖ
445 2092 508 2150 τῶν
531 2086 704 2172 σχημάτων
719 2080 757 2164 (ὅ)
781 2088 964 2170 προσώπων
986 2087 1013 2152 τ’
1035 2089 1256 2175 ἀποστροφαῖς

119 2195 167 2255 καὶ
191 2191 324 2275 χρόνων
356 2186 552 2271 ἐναλλαγαῖς
582 2191 630 2250 καὶ
660 2191 818 2272 τροπικῶν
834 2183 873 2272 (ῖ)
905 2189 1102 2268 σημειώσεων
1123 2202 1257 2274 μεταφο-

117 2302 190 2380 ραῖς
226 2289 446 2374 ἐξηλλαγμένα
477 2295 541 2354 τῶν
564 2292 714 2363 συνήθων
737 2292 786 2352 καὶ
810 2287 1023 2371 σολοικισμῶν
1045 2287 1257 2376 λαμβάνοντα

116 2395 296 2479 φαντασίας
313 2384 371 2469 (8)
409 2391 514 2454 ὁπόσα
548 2417 580 2454 τε
613 2393 755 2475 γίγνεται
777 2388 934 2472 πράγματ’
957 2390 1027 2454 ἀντὶ
1051 2391 1206 2472 σωμάτων
1236 2389 1255 2466 ἢ

116 2491 241 2574 σώματ’
263 2490 331 2555 ὀντὶ
354 2489 550 2573 πραγμάτων
568 2484 619 2567 (9).
643 2492 691 2552 καὶ
715 2487 760 2572 ἐφ’
785 2488 829 2552 ὧν
852 2490 1080 2571 ἐνθυμημάτων
1095 2492 1125 2553 αῖ
1139 2486 1254 2570 μεταξὺ

149 2722 187 2788 (1)
222 2722 285 2773 ποτὲ
302 2721 348 2785 μὲν
364 2749 397 2758 -
415 2723 477 2772 ποτὲ
495 2720 520 2770 δέ
537 2720 569 2783 0,
587 2736 638 2769 non
653 2719 725 2769 mele.

146 2804 185 2869 (2)
221 2802 263 2852 Ita
283 2807 348 2852 recte
365 2801 392 2852 Ο,
410 2800 491 2849 Ceteri
506 2801 563 2849 libri
578 2801 757 2864 ὀνομαστικῶς.
791 2797 863 2853 Quod
879 2799 935 2849 dedi
950 2800 1000 2851 iam
1017 2800 1072 2850 siue
1087 2800 1157 2853 libris
1174 2817 1254 2852 corre-

115 2886 183 2934 xerat
200 2879 363 2946 Sylburgius;
380 2880 473 2942 primus
490 2879 525 2927 sie
542 2879 618 2927 edidit
634 2879 784 2942 Kruegeru.

145 2949 182 3028 (ὸ)
218 2960 354 3008 Ρταοααιιῐο
371 2957 469 3006 Reislrio
486 2958 521 3006 its
537 2957 631 3006 correxi
647 2957 727 3006 locum
743 2957 953 3018 corruptissimum
969 2973 1000 3006 ex
1011 2957 1094 3006 libello
1105 2959 1133 3007 dc
1146 2958 1251 3021 Thucyd.

116 3040 162 3088 ιἰιό.
184 3053 237 3100 cap.
262 3038 294 3084 24
318 3037 329 3100 φ
355 3038 385 3098 2,
409 3035 451 3084 ubi
472 3036 504 3084 sd
520 3035 622 3085 verbum
638 3036 723 3084 ecdem
738 3034 860 3097 leguntur.
894 3036 958 3083 Nam
975 3035 1049 3098 vulgo
1066 3034 1183 3086 scribitur
1200 3035 1254 3086 abs·

113 3133 161 3184 que
181 3129 270 3167 sensu:
299 3113 343 3165 ἰ’να
373 3117 402 3164 τὸ
420 3116 465 3177 μὲν
482 3113 634 3177 ὀνοματικὸν
651 3112 817 3178 (ῥηματικὸν,
837 3113 866 3161 τὸ
884 3112 908 3162 ὸὲ
928 3112 1069 3178 ῥηματικὸν
1088 3110 1255 3177 ὀνοματικὸν]
1344 3168 1346 3171 ,

112 3198 232 3263 λέγηται;
250 3195 277 3244 in
292 3210 339 3258 qua
356 3193 459 3244 lectione
477 3209 516 3255 οα,
533 3208 594 3257 quae
612 3192 706 3242 uncinis
724 3191 885 3256 circumdedi,
903 3193 992 3241 absunt
1008 3209 1023 3242 s
1040 3195 1108 3243 codd.
1123 3193 1183 3244 meis
1195 3193 1250 3244 LM.

112 3278 188 3327 Vides
209 3277 287 3339 igitur
302 3276 408 3338 primum
424 3289 505 3323 errore
523 3274 611 3322 omissa
627 3273 703 3321 fuisse
722 3287 737 3320 s
757 3271 861 3321 librariis
881 3272 1013 3322 vocabula:
1030 3276 1254 3338 προσηγορικὸν-

113 3354 289 3418 ὀνοματικῶς,
318 3353 405 3402 deiude
427 3353 580 3414 impudenter
596 3351 722 3414 suppletas
745 3348 887 3413 ῥηματικὸν
904 3367 925 3400 τ,
944 3351 964 3400 ὸ.
982 3369 1002 3411 ρ.
1020 3350 1180 3408 ὀνοματικὸν.
1213 3350 1253 3398 Ex

112 3435 198 3482 eodem
221 3432 275 3481 loco
303 3447 359 3479 mox
386 3446 444 3494 repo
457 3430 484 3478 ui
512 3431 680 3480 ἐναλλάττων
706 3443 751 3490 pro
779 3429 928 3480 ἀλλάττων.
962 3429 1011 3477 Pro
1038 3431 1252 3493 ἀντικατηγορῶν

114 3513 201 3562 deiude
219 3510 326 3560 Lhabct
342 3512 512 3574 ὀντηγορῶν,
531 3506 658 3570 Sylburgii
674 3507 772 3570 quidem
789 3507 866 3555 codex
877 3506 1063 3572 ἐγκατηγαρῶν,
1081 3505 1252 3568 Corruptclam

113 3593 170 3642 huic
195 3591 272 3641 verbo
297 3590 395 3640 subesse
411 3595 483 3652 puto,
501 3589 559 3648 sed,
575 3589 634 3652 quid
650 3588 818 3650 reponendum
834 3589 882 3650 sis,
901 3587 993 3636 frustra
1009 3587 1124 3650 quaesivi
1158 3586 1252 3635 Deinde

114 3687 143 3720 cx
170 3669 206 3718 M.
234 3669 345 3730 rescripsi
363 3670 505 3732 ἀρρενικοῖς
521 3683 565 3729 pro
583 3668 741 3730 ἀρσενιταῐς,
768 3671 793 3714 et
809 3681 839 3714 cx
855 3665 908 3714 loco
924 3666 1112 3728 supralaudato
1130 3666 1252 3730 ἀρρενιιιό

114 3764 157 3812 pro
174 3749 278 3812 ἄρρενα.
312 3745 407 3794 Ibidem
423 3759 482 3792 mox
496 3745 587 3807 legitur
605 3745 667 3794 ποτὲ
684 3746 824 3808 μεν-ποτὲ
840 3743 874 3792 di.

147 3827 182 3892 (4)
218 3825 295 3874 codd.
313 3823 403 3886 ALM,
421 3823 523 3872 omisso:
541 3827 669 3886 σημαῖνον
686 3823 739 3872 άπὸ
758 3824 820 3885 τοῦ,
836 3821 926 3869 habent
943 3823 1132 3886 σημαινόμενον.

146 3903 182 3970 (5)
216 3903 258 3952 Ita
276 3902 385 3963 rescripsi
400 3917 431 3949 ex
446 3901 500 3949 loco
517 3917 590 3963 supra
606 3901 705 3949 laudato
722 3915 765 3962 pro
782 3899 886 3948 absurdo
903 3901 1048 3962 ναήματων.

147 3982 182 4047 (ὀ)
217 3981 254 4030 Ut
275 3981 382 4030 evitetur
405 3979 557 4028 diversorum
575 3979 744 4028 Genitivorum
764 3993 909 4041 concursus,
926 3977 999 4027 scribi
1015 3977 1113 4028 malim:
1142 3981 1252 4028 πλεῖστα

116 4059 172 4111 ὸίἰν
190 4077 229 4118 τις
248 4058 316 4122 stipor
333 4060 393 4121 παρ’
414 4058 498 4120 αιἰτιρ
517 4058 670 4122 σχήματα
687 4059 834 4122 προσώπων
852 4058 873 4106 τ’
892 4057 942 4107 cri.

146 4138 181 4205 (7)
217 4135 240 4185 E
257 4135 378 4198 Kruegeri
395 4136 535 4184 coniectura
551 4151 595 4197 pro
615 4143 735 4186 τοπικῶν.

146 4216 182 4283 (8)
217 4214 295 4266 Ocdd.
313 4215 357 4264 AL
374 4220 399 4264 et
415 4214 483 4264 locus
499 4215 620 4264 laudatus.
656 4215 739 4278 Vulgo
756 4216 912 4279 φαντασίαν.

146 4297 183 4362 (9)
218 4297 296 4346 Oodd.
325 4296 478 4361 ἀποστέγειν
496 4295 512 4354 ὴ
531 4299 563 4344 τὸ
581 4297 721 4360 πράγματα
740 4296 800 4345 ἀντὶ
818 4298 957 4360 σωμάτων,
988 4295 1054 4355 vird
1071 4295 1176 4358 σώματα
1193 4291 1253 4340 ἀντὶ

113 4377 282 4442 πραγμάτων.
298 4401 332 4411 -
343 4372 401 4425 Cod.
419 4389 487 4422 meus
504 4371 524 4420 B
542 4390 589 4424 om.
606 4375 768 4438 ὀποστέγειν;
792 4374 835 4422 AL
854 4389 900 4421 om.
919 4376 953 4424 τά
969 4377 1025 4422 autc
1042 4373 1163 4436 σώματα;
1179 4372 1250 4418 recte.

113 4453 204 4505 Locum
215 4453 315 4503 refinxit
325 4451 418 4516 primus
429 4453 583 4517 Kruegerus,
595 4456 694 4503 auctore
705 4451 805 4502 Reiskio
814 4490 820 4516 ,
830 4468 860 4501 ex
871 4467 921 4515 cap.
933 4450 1023 4503 XXIV
1036 4451 1064 4499 de
1076 4451 1179 4512 Thucyd.
1188 4449 1248 4508 iud,

1097 4527 1117 4591 7
