2754 5018
615 264 657 334 ss

64 457 258 541 δεομένων
302 455 351 538 μὴ
395 449 574 539 περιιδεῖν
621 453 758 533 αύτούς
795 457 1203 541 καταπολεμηθέντας,

64 557 181 625 ἀλλὰ
219 555 335 639 πρὸς
364 561 455 630 ταῖς
489 553 784 640 ὑπαρχούσαις
813 554 1020 641 δυνάμεσι
1056 562 1204 643 πέμψαι

64 657 299 744 βοήθειαν,
346 654 395 736 μὴ
445 650 625 731 ξενικὴν,
671 653 746 720 ἀλλ’
789 658 918 723 αὐτῶν
970 659 1204 736 Ἀθηναίων,

65 758 234 840 ’ἐπεμψεν
275 754 408 828 αὐτοῖς
438 757 457 816 ὁ
492 750 607 833 δῆμος
640 757 804 840 τριήρεις
834 784 901 838 μεν
938 760 1064 842 ἑτέρας
1103 759 1205 823 ἑπτα·

65 854 243 934 καίδεκα,
280 858 354 918 τοῖν
392 849 427 917 δὲ
464 850 631 918 πολιτῶν
673 853 839 931 ὁπλίτας
883 851 1102 941 δισχιλίους
1142 861 1201 922 καί

65 959 211 1030 ἱππέας
249 955 498 1039 τριακοσίους
543 954 581 1017 έν
618 958 757 1019 ναυσὶν
801 959 1010 1040 ἱππηγοῖς,
1054 984 1203 1040 στρατη-

63 1055 140 1143 γὸν
170 1053 209 1120 δέ
240 1056 389 1139 Χάρητα
411 1056 477 1116 τοῦ
500 1054 645 1118 στόλου
668 1055 844 1130 παντός.”

108 1156 258 1239 Ἀπόχρη
290 1156 345 1233 μὲν
379 1148 438 1215 οὗν
472 1154 521 1214 καὶ
553 1157 649 1216 ταῦτα
670 1150 809 1237 ῥηθέντα
832 1155 972 1238 φανερὰν
994 1163 1121 1230 ποιῆσαι
1143 1157 1202 1231 τὴν

63 1253 249 1338 φιλοτιμίαν
293 1254 358 1314 τῶν
399 1247 575 1322 ἀξιούντων
588 1299 596 1326 ,
638 1252 697 1326 τὰς
733 1252 978 1337 Ἀριστοτέλους
1015 1252 1203 1328 ἐζηλωκέναι

63 1357 212 1440 τέχνας
239 1352 297 1416 τὸν
322 1352 529 1431 Δημοσθένη,
552 1350 590 1424 ὃς
613 1348 673 1426 ἤδη
695 1354 844 1434 τέτταρας
866 1357 923 1434 μὲν
946 1351 1056 1439 έτυχεν
1073 1356 1202 1439 εἰρηκὼς

65 1450 263 1536 δημηγορίας
295 1450 505 1525 Φιλιππικὰς,
539 1458 622 1536 τρεῖς
652 1448 679 1516 δ’
712 1450 926 1527 Ἑλληνικός·
962 1457 1032 1537 περὶ
1058 1449 1089 1518 δὲ
1111 1456 1202 1518 πέντε

63 1552 191 1638 λογους
221 1550 393 1634 δημοσίους
414 1553 457 1628 εἰς
471 1548 510 1629 (ί)
537 1546 717 1635 δικαστήρια
739 1553 929 1637 γεγραφὼς,
952 1549 1009 1631 οὓς
1032 1549 1137 1627 οὐδεὶς
1161 1551 1201 1618 ἂν

65 1653 136 1738 ἐ’χοι
170 1648 337 1737 διαβαλεῖν
371 1651 415 1728 ὡς
437 1650 573 1730 εὐτελεῖς
595 1677 685 1728 τινας
709 1656 757 1716 καὶ
782 1649 928 1735 φαύλους
950 1655 997 1716 καὶ
1021 1647 1117 1733 μηδὲν
1139 1654 1201 1717 έπι·

66 1757 242 1838 φαίνοντας
264 1751 433 1836 τεχνικὸν,
456 1746 559 1826 ἐπειδὴ
582 1751 645 1835 πρὸ
668 1754 734 1816 τῶν
748 1749 988 1835 Ἀριστοτέλους
1006 1752 1204 1836 συνετάχθη-

67 1882 130 1919 σαν
151 1856 310 1938 τεχνῶν.
333 1851 372 1917 ού
394 1853 457 1933 μὴν
481 1851 582 1936 έγωγε
603 1853 696 1936 μέχρι
710 1853 825 1915 τούτου
839 1849 1014 1936 προελθὼν
1029 1854 1202 1932 στήσομαι,

64 1953 153 2020 ἀλλὰ
187 1957 234 2017 καὶ
265 1953 340 2026 τοὺς
374 1950 498 2029 ἄλλους
532 1951 629 2016 αὐτοῦ
663 1951 787 2036 λόγους
809 1951 937 2034 μάλιστ’
960 1948 1201 2033 εὐδοκιμοῦντας

66 2051 227 2132 ἐπιδείξω,
249 2057 326 2129 τούς
348 2081 380 2118 τε
402 2050 634 2138 δημηγορικοὺς
658 2057 706 2117 καὶ
729 2055 806 2127 τοὺς
828 2049 1022 2130 δικανικοὺς,
1044 2056 1201 2140 πρότερον

65 2155 329 2242 ἀπηγγελμένους
358 2165 414 2231 τῆς
435 2153 589 2230 ἐκδόσεως
610 2157 733 2219 τούτων
754 2159 820 2220 τῶν
852 2159 1035 2241 τεχνῶν,
1069 2157 1202 2241 μάρτυρι

65 2257 166 2322 πόλιν
194 2257 277 2342 αὐτῷ
300 2257 465 2342 χρώμενος
486 2255 705 2340 Ἀριστοτέλει.
752 2256 838 2320 Μετὰ
860 2255 924 2341 γὰρ
947 2255 1091 2341 όρχοντο
1115 2254 1203 2320 Καλ-

65 2354 228 2442 λίμαχον,
251 2357 297 2440 ἐφ’
319 2355 357 2421 οὗ
379 2355 437 2431 τὰς
459 2359 503 2430 εἷς
520 2354 689 2420 Ὄλυνθον
711 2352 868 2439 βοηθείας
891 2354 1080 2419 ἀπέστειλαν
1104 2354 1201 2429 Ἀθη·

64 2465 150 2521 ναῖοι
183 2459 362 2534 πεισθέντες
390 2455 453 2520 ὑπὸ
492 2457 743 2534 Δημοσθένους,
775 2453 935 2538 Θεόφιλός
965 2455 1049 2518 ἐστιν
1072 2453 1201 2540 ἅρχων,

64 2557 137 2622 καθ’
175 2557 214 2621 ὃν
249 2557 394 2643 ἐκρότησε
422 2566 480 2631 τῆς
512 2555 697 2621 Ὀλυνθίων
729 2555 857 2631 πόλεως
880 2552 1063 2632 Φίλιππος,
1100 2553 1201 2620 ἔπειτα

64 2657 304 2740 Θεμιστοκλῆς,
328 2657 374 2740 ἐφ’
397 2657 434 2721 ού
457 2659 516 2732 τὴν
537 2659 680 2738 πέμπτην
693 2652 732 2733 (2)
756 2657 821 2720 τῶν
837 2655 913 2719 κατὰ
931 2654 1093 2719 Φιλίππου
1108 2650 1202 2736 δημη-

62 2761 186 2841 γοριῶν
209 2754 383 2840 ἀπήγγειλε
408 2758 631 2836 Δημοσθένης,
653 2759 792 2838 περὶτῆς
805 2752 948 2838 φυλακῆς
963 2757 1029 2818 τῶν
1044 2757 1201 2827 νησιατῶν

62 2860 114 2922 καὶ
148 2860 213 2921 τῶν
243 2858 275 2920 έν
296 2854 529 2939 Ἑλλησπόντῳ
551 2853 702 2929 πόλεων,
732 2857 770 2932 ἧς
793 2857 878 2919 ἐστιν
898 2855 1003 2939 ἀρχή·
1043 2850 1107 2916 »Ἃ
1128 2857 1201 2934 μὲν

62 2959 201 3037 ἡμεῖς,
238 2951 394 3039 ὦνδρες
421 2954 648 3028 Ἀθηναῖοι,
672 2949 903 3035 δεδυνήμεθ’
927 2952 1072 3036 εὑρεῖν,
1094 2952 1202 3016 ταῦτ’

62 3056 177 3121 ’έστι”
196 3089 241 3101 --
262 3055 348 3118 Μετὰ
371 3050 403 3117 δὲ
427 3050 637 3135 θεμιστοκλέα
659 3051 817 3138 Ἀρχίας,
839 3051 885 3136 ἐφ’
907 3050 945 3116 ού
968 3058 1112 3135 παραινεῖ
1132 3058 1201 3127 τοῖς

60 3157 249 3229 Ἀθηναίοις
282 3155 323 3235 μὴ
354 3151 487 3216 κωλύειν
511 3151 675 3217 Φίλιππον
700 3160 756 3226 τῆς
779 3151 1023 3236 Ἀμφικτυονίας
1044 3152 1202 3236 μετέχειν,

60 3252 135 3337 μηδ’
159 3253 306 3337 ἀφορμὴν
330 3247 451 3316 διδόναι
473 3249 631 3332 πολέμου,
655 3255 766 3316 νεωστὶ
790 3253 1018 3332 πεποιημένους
1040 3251 1099 3324 τὴν
1120 3250 1203 3334 πρὸς

62 3353 164 3417 αὐτὸν
188 3353 314 3434 εἰρήνην
327 3397 337 3425 ,
371 3349 457 3433 ἀρχὴ
480 3346 562 3428 M)
586 3353 701 3425 ταύτης
724 3359 779 3426 τῆς
803 3347 998 3434 δημηγορίας
1020 3349 1106 3413 ἐστὶν
1127 3345 1202 3422 ἥδε·

63 3525 227 3538 πέμ-

98 3613 135 3681 (1)
170 3615 278 3665 Notabili
294 3616 366 3665 modo
381 3616 409 3665 in
426 3616 493 3666 Amb.
510 3617 569 3666 haee
585 3620 697 3680 corrupta
712 3620 784 3666 sunt:
807 3619 865 3680 περί
889 3615 920 3665 δέ
948 3617 1040 3681 λόγους
1066 3616 1202 3675 δηλώσει

62 3695 112 3752 οἷς
137 3695 179 3753 τίς.
213 3693 315 3758 Legitur
339 3699 421 3744 tamen
444 3711 503 3745 sana
526 3696 598 3745 lectio
621 3695 648 3744 in
671 3695 786 3758 margine.
820 3695 869 3743 Pro
891 3695 1022 3759 γεγραφώς
1043 3692 1152 3744 Morellii
1176 3698 1202 3746 et

64 3771 152 3821 Wolfii
168 3774 302 3835 marginem
317 3774 405 3822 habere
421 3774 544 3840 γέγραφεν
561 3776 596 3824 ait
612 3775 773 3840 Sylburgius‚
800 3777 840 3822 ιτα
855 3788 884 3822 αι
899 3777 934 3823 σία
950 3776 1042 3836 quidm
1054 3776 1132 3835 plana
1141 3776 1204 3838 fleri

63 3853 149 3898 omnia.
183 3850 258 3899 Haud
275 3853 346 3900 dubie
363 3868 448 3901 verum
464 3859 501 3902 est
517 3856 658 3919 γεγραφώς,
676 3853 741 3916 quod
752 3852 868 3914 iungatur
879 3867 934 3900 cum
944 3865 1084 3913 praegresso
1094 3851 1202 3918 ἔτυχεν,

63 3946 109 3979 nec
134 3931 210 3980 ullam
235 3933 306 3982 video
331 3933 388 3981 huie
409 3933 540 3994 scripturae
562 3934 640 3982 inesse
656 3930 830 3980 difficultatem.
864 3932 1025 3993 opponuntur
1040 3935 1123 3978 autem
1137 3930 1202 3980 inter

64 4024 90 4056 se
112 4009 238 4072 participia
263 4011 367 4073 εἰρηκώς
390 4014 415 4060 et
431 4014 566 4076 γεγραφώς.
600 4010 660 4059 Mox
677 4010 750 4060 verba
767 4009 853 4069 ἐπειδὴ
870 4013 921 4073 πρὸ
938 4015 990 4060 τῶν
1006 4009 1201 4072 Ἀριστοτέλους

63 4090 262 4150 συνετάχθησαν
278 4094 376 4151 τεχνῶν
393 4089 602 4150 ἰουοιρτοίοιαοοιὶ
617 4088 722 4150 speeiem
737 4103 794 4149 prae
810 4105 835 4137 se
851 4088 941 4136 ferunt.

96 4165 133 4230 (2)
168 4166 208 4214 Ita
224 4166 333 4227 rescn'psi
350 4182 380 4214 ex
397 4167 465 4214 Amb.
482 4181 526 4226 pro
542 4166 643 4230 vulgato
661 4164 744 4224 ’ἐτι-ην,
779 4163 868 4213 Veram
883 4165 1013 4215 lectionem
1028 4169 1123 4216 exstare
1139 4179 1198 4230 quo·

64 4263 110 4310 que
126 4247 153 4293 in
170 4243 257 4293 Wolfii
273 4250 298 4293 et
313 4242 421 4293 Morellii
436 4244 559 4308 margine,
576 4245 659 4308 itaquo
673 4243 805 4306 legendum
824 4244 946 4296 monuisse
957 4243 1086 4295 Schottum
1097 4242 1199 4308 Sylbur·

69 4324 124 4386 gius
140 4327 265 4372 memorat.

98 4400 136 4466 (3)
171 4402 214 4451 καί
230 4416 274 4463 pro
290 4401 315 4453 δέ
332 4401 422 4452 habent
438 4403 504 4454 οοάὰ
522 4401 635 4454 Correxit
650 4400 801 4467 sylburgim
