2754 5018
665 287 708 353 tl

122 486 178 561 μὲν
206 480 261 554 ἔθη
291 485 339 544 καὶ
371 477 555 565 βαρβάρων
589 484 636 544 καὶ
667 477 837 554 Ἑλλήνων
860 484 1023 564 ἐκμαθεῖν,
1054 480 1196 559 πολλοὺς
1216 479 1242 550 li

123 582 243 662 νόμους
270 577 447 664 ιἰκριβῶσαι
476 582 524 643 καὶ
542 574 579 656 (ί)
618 576 786 644 πολιτειῶν
818 583 982 666 σχήματα,
1005 586 1054 646 καὶ
1076 579 1175 666 βίους
1197 581 1243 648 ἆυ·

123 677 230 766 δρῶν,
259 682 307 744 καὶ
330 676 482 764 πράξεις,
513 680 561 741 καὶ
583 677 656 753 τέλη
673 674 710 755 ill
724 725 733 754 ,
768 683 816 743 καὶ
839 683 952 765 τύχας.
993 685 1127 747 Τούτων
1147 686 1243 748 τοίνυν

122 781 248 847 άπασαυ
271 781 429 866 ἀφθονίαν
452 775 600 855 δέδωκεν,
623 780 680 844 οὐκ
702 778 1024 864 ἀπεσπασμέυηυ’τῶν
1037 786 1244 870 πραγμάτων,

119 880 207 947 till
230 887 467 966 συμπαροῦσαν.
513 880 623 944 Πάντα
646 876 684 955 δὴ
703 877 740 958 (5)
765 889 860 947 ταῦτα
884 881 1011 960 ζηλωτὰ
1034 891 1093 948 τοῦ
1115 913 1245 972 συγγρα-

120 985 224 1067 φέως,
258 981 324 1047 κᾶτι
346 981 428 1065 πρὸς
450 981 594 1056 τούτοις,
618 981 678 1043 ὅσα
701 980 869 1067 φιλοσοφεῖ
889 983 962 1069 παρ’
984 981 1068 1057 ὅλην
1091 986 1150 1061 τὴν
1172 988 1246 1051 ἱστο-

119 1085 208 1165 ρίαν,
230 1086 298 1166 περὶ
321 1077 518 1156 δικαιοσύνης
542 1083 589 1143 καὶ
613 1077 775 1164 εὐσεβείας
791 1083 828 1161 (ί)
854 1087 902 1147 καὶ
924 1087 989 1149 τῶν
1004 1082 1120 1149 ἄλλων
1134 1086 1245 1170 ιἐρετῶυ

119 1180 266 1256 πολλοὺς
297 1187 345 1246 καὶ
376 1180 494 1254 καλοὺς
527 1177 765 1264 διεξερχόμενος
799 1181 933 1266 λόγους.
977 1182 1168 1250 Τελευταῐόυ
1189 1189 1245 1252 ἐστι

118 1286 183 1347 τῶν
216 1282 319 1368 ἐ’ργων
352 1283 449 1346 αὐτοῦ
476 1285 524 1347 καὶ
558 1282 921 1366 χαρακτηριστικώτατου
939 1280 1000 1362 (5),
1024 1286 1115 1371 Ιὅπερ
1149 1284 1245 1352 οὐδενὶ

119 1388 183 1447 τῶν
213 1382 325 1448 ἄλλων
347 1386 558 1468 συγγραφέων
581 1382 681 1460 οὕτως
704 1379 846 1467 ἀκριβῶς
868 1381 1064 1468 ἐξείργασται
1088 1391 1137 1451 καὶ
1161 1384 1246 1453 Bova·

119 1487 200 1561 τῶς,
233 1481 303 1547 ούτε
330 1490 394 1547 τῶν
427 1480 652 1567 πρεσβυτίρων
674 1481 743 1547 ούτε
765 1485 831 1547 τῶν
855 1486 1030 1568 νεωτέρων·
1061 1489 1093 1550 τί
1115 1483 1149 1552 δὲ
1171 1487 1246 1551 τοῦτ’

119 1584 203 1658 ἕστις
232 1584 269 1648 τὸ
308 1583 377 1649 καθ’
400 1584 532 1658 ἑκάστην
553 1578 669 1665 πρᾶξιν
690 1584 732 1662 μὴ
754 1584 856 1663 μόνον
877 1584 915 1648 τὰ
938 1586 1057 1670 φανερὰ
1081 1594 1152 1664 τοῖς
1173 1586 1246 1652 πολ·

117 1682 190 1760 λοίς
224 1688 304 1769 ὁρῶν
335 1688 384 1749 καὶ
417 1683 538 1768 λέγειν,
574 1681 648 1746 ἀλλ’
671 1679 825 1756 ἐξετάζειν
848 1688 896 1748 καὶ
919 1685 976 1762 τὰς
998 1686 1130 1770 ἀφανεῖς
1153 1691 1247 1763 αίτίας

117 1786 182 1877 τῶν
203 1782 349 1868 πράξεων
371 1787 506 1848 καὶτῶν
527 1780 718 1866 πραξάντων
741 1783 819 1847 αὐτὰ
842 1784 880 1847 τὰ
896 1779 1035 1862 officiii)
1052 1794 1111 1860 τῆς
1125 1788 1247 1873 ψυχῆς,

118 1880 137 1946 ἃ
165 1887 208 1966 μὴ
241 1881 334 1971 ῥᾴδια
367 1893 435 1959 τοῖς
464 1881 605 1956 πολλοῖς
640 1886 663 1947 εἰ
685 1885 763 1947 ε’ναι·
795 1887 843 1946 καὶ
877 1882 967 1946 πάντ’
989 1883 1193 1951 ἐκκαλύπτειν
1213 1890 1247 1953 τὰ

117 1985 270 2068 μυστήρια
295 1994 351 2059 τῆς
374 2012 404 2048 τε
428 1981 585 2057 δοκούσης
606 1985 719 2066 ἀρετῆς
741 1985 789 2045 καὶ
811 1992 868 2059 τῆς
890 1983 1110 2066 ἀγνοουμένης
1133 1991 1245 2064 κακίας.

120 2087 181 2146 Καί
202 2111 254 2162 μοι
278 2080 379 2161 δοκεῖ,
402 2085 445 2159 ὡς
469 2087 487 2147 ὁ
509 2085 722 2166 μυθευόμενος
745 2080 821 2146 εἶναι
839 2079 877 2160 (7)
901 2086 966 2147 τῶν
988 2085 1107 2168 ψυχῶν
1130 2084 1248 2152 ἆπολυ·

118 2186 233 2247 teroem
262 2190 318 2247 τοῦ
352 2184 497 2263 σώματος
520 2181 687 2264 ἐξετασμὸς
711 2185 759 2246 ἐπὶ
782 2185 846 2245 τῶν
869 2184 927 2247 ἐκεῖ
949 2178 1126 2263 δικαστῶν,
1150 2187 1246 2261 ούτως

117 2282 253 2369 ἀκριβὴς
285 2283 361 2349 εἶναι
394 2289 412 2350 ὁ
442 2282 491 2350 διὰ
519 2295 574 2361 τῆς
599 2284 790 2365 Θεοπόμπου
813 2293 937 2368 γραφῆς
960 2286 1178 2368 γιγνόμενος·
1203 2286 1245 2354 διὸ

118 2466 277 2476 -η--ιι-

151 2559 187 2625 (1)
221 2562 314 2623 νόμους
346 2561 452 2610 ἀκοῦσαι
485 2562 544 2610 πολ.
572 2559 651 2618 codd„
681 2574 755 2623 quum
779 2558 920 2621 lectionem,
950 2558 1008 2622 quis
1035 2575 1115 2624 neque
1142 2565 1243 2614 ἀκοῦσαι

118 2640 176 2688 t'orri
201 2656 279 2703 nequo
300 2641 342 2689 καί
362 2639 445 2688 abesse
469 2641 563 2700 potest,
593 2639 622 2687 de
639 2638 778 2687 coniectura
792 2652 847 2685 mee
862 2638 961 2687 mutavi.
994 2639 1155 2702 Ἀκριβῶσαι
1170 2647 1244 2690 autem

118 2722 155 2767 cst
179 2726 287 2768 scemate
303 2734 446 2782 ωμνυυιντυ,
470 2733 517 2780 qus
534 2716 632 2765 notione
648 2716 672 2766 h.
690 2716 708 2767 l.
724 2715 788 2764 nihil
803 2720 841 2764 est
857 2717 942 2777 aptius.
975 2716 1032 2764 Non
1048 2721 1132 2767 tamen
1149 2719 1243 2768 absurde

118 2801 189 2845 antes
210 2797 361 2859 suspicabar,
387 2794 528 2856 simpliciter
550 2793 642 2842 abiecto
665 2795 784 2856 ἀκούσαι,
808 2794 975 2854 reponendum
997 2809 1061 2842 esse:
1085 2799 1200 2856 πολλοὺς
1221 2798 1242 2848 δὲ

117 2879 209 2940 νόμους
225 2879 267 2927 καὶ
284 2884 359 2938 πολ.,
377 2893 406 2924 ex
422 2879 573 2923 ΜΟΥΣΚΑΙ
591 2878 677 2923 νείατα
693 2890 744 2922 esse
762 2878 908 2922 ΑΚΟΥΣΑΙ
921 2874 1057 2927 arbitratus.
1081 2876 1169 2941 Neque
1179 2878 1242 2928 hodie

118 2972 170 3005 rrum
186 2956 345 3018 suspicionem
361 2970 459 3017 prorsus
475 2953 585 3014 repudio.

150 3034 186 3099 (2)
221 3038 285 3085 Fore.
307 3037 348 3084 καὶ
372 3035 438 3095 ἤθη,
461 3033 500 3082 vol
524 3030 741 3095 τάπιτηδεύματα.
780 3028 889 3094 Vulgata
911 3036 976 3081 certe
993 3032 1065 3081 lectio
1082 3033 1142 3083 ferri
1158 3035 1241 3098 nequit

120 3113 149 3160 ln
175 3130 224 3177 sqq.
248 3120 313 3161 certa
335 3114 453 3161 medicina
477 3111 562 3161 sanavi
589 3112 698 3171 ίίπασιν,
722 3109 810 3172 scripto
838 3111 952 3160 ἅπασαν.
990 3109 1068 3160 Simul
1097 3113 1123 3161 in
1140 3114 1242 3164 ordinem

118 3194 195 3253 recepi
213 3192 331 3253 liruogori
347 3192 520 3240 correctionem
536 3189 636 3240 τούτων
651 3205 695 3252 pro
712 3189 818 3248 τούτοις.
1103 3183 1105 3187 ’

150 3269 186 3333 (3)
222 3267 302 3330 Vulgo
319 3270 355 3331 δέ,
379 3269 444 3332 quod
460 3267 559 3316 correxi.

149 3348 184 3411 (t)
221 3346 299 3394 libri:
326 3346 386 3411 παρ’
411 3348 478 3405 ὅλην
505 3347 555 3405 τὴν
582 3345 749 3405 δικαιοσύνην
764 3348 806 3396 καὶ
824 3345 971 3409 εὐσέβειαν,
998 3352 1024 3396 et
1040 3364 1100 3399 mox
1117 3353 1242 3415 καὶπερὶ

117 3430 170 3475 τῶν
197 3426 283 3474 ἄλλων
310 3430 405 3488 praetor
432 3424 635 3488 Ambrosianum,
663 3428 689 3474 in
707 3442 757 3490 quo
774 3428 832 3489 περί
851 3432 917 3476 recte
934 3428 1050 3478 omissum
1064 3429 1127 3480 mihi
1143 3430 1243 3482 videtur.

117 3503 213 3552 Mutata
230 3503 444 3567 interpunctione,
461 3521 516 3553 cum
532 3504 660 3568 Krucgero
676 3505 756 3566 recepi
771 3505 898 3568 Sylburgii
913 3508 1082 3557 coniecturum.

151 3585 187 3649 (ό)
221 3585 295 3634 eald.
322 3588 598 3650 χαρακτηρικώτατον,
626 3586 691 3651 qued
709 3600 760 3634 non
776 3588 813 3633 ost
829 3586 901 3633 unius
918 3586 992 3634 assis:
1019 3586 1119 3650 deinde,
1137 3589 1198 3637 item
1216 3588 1242 3636 de

117 3666 267 3723 caminetum,
285 3680 328 3727 pro
345 3669 358 3715 ὃ
375 3666 447 3729 παρ’
464 3665 548 3716 οὐδενὶ
564 3665 614 3716 xri.
638 3666 734 3727 reposui
750 3666 812 3727 ὅπερ
830 3663 914 3714 οὐδενί
931 3665 994 3726 xri,
1010 3681 1059 3728 qua
1077 3668 1243 3717 emendatione

116 3744 179 3793 nihil
195 3750 232 3793 cst
259 3744 354 3795 eortius.
388 3744 448 3793 Mox
474 3744 618 3803 δυνατῶς
646 3744 702 3794 dodi
717 3759 760 3806 pro
778 3743 931 3802 δύναται,
958 3745 985 3791 in
1001 3760 1074 3808 quam
1088 3747 1245 3807 suspicionem

116 3823 165 3872 iam
182 3822 336 3884 liruogorum
351 3822 463 3871 incidisse
480 3823 566 3884 video,
583 3823 613 3872 ol,
631 3824 660 3872 de
677 3821 752 3872 Thus.
768 3821 828 3870 hist.
843 3821 893 3870 iun
912 3821 968 3883 Cap.
987 3819 1071 3884 XIII,
1088 3837 1111 3884 ρ,
1123 3826 1187 3886 840,
1207 3824 1244 3885 17,

117 3900 154 3949 ed.
170 3900 251 3950 Reisir.

151 3977 185 4041 (6)
220 3978 302 4039 Vulgo
317 3980 413 4039 αὐτὰς,
431 3980 473 4028 καὶ
490 3980 523 4028 τὰ
540 3979 620 4039 πάθη.
654 3976 692 4027 De
708 3978 847 4027 coniectura
862 3975 986 4038 rescripsi,
1002 3992 1064 4040 quse
1080 3978 1156 4028 vides.
1190 3979 1244 4028 Non

117 4060 198 4104 tamen
222 4057 385 4119 intercedam,
413 4056 434 4106 si
457 4054 509 4119 quis
527 4071 583 4117 cum
601 4055 700 4105 Reiskio
716 4059 771 4118 post
788 4056 869 4114 αὑτάς
886 4055 962 4104 inseri
976 4054 1046 4103 malit
1062 4058 1109 4114 τὰς
1126 4055 1245 4117 διανοίας.

117 4132 206 4184 Sensus
223 4136 342 4197 optimus,
359 4137 401 4184 scd
416 4135 522 4184 mutatio
539 4135 663 4199 aliquanto
680 4136 810 4185 violentior
827 4139 916 4186 nostra
938 4135 1078 4199 Krucgarus
1089 4138 1172 4188 minus
1183 4143 1245 4188 recte

117 4219 168 4263 τῶν
190 4216 348 4278 πραξάντων
365 4218 447 4274 αὐτὰς
464 4217 496 4264 τὰ
513 4215 586 4274 πάθη
604 4215 653 4264 eri.
675 4215 828 4264 scribendum
843 4215 1022 4277 suspicabatur,
1038 4215 1079 4264 oui
1095 4217 1246 4267 coniecturae

116 4292 168 4340 iure
196 4294 245 4354 ipso
272 4294 378 4355 praefert
400 4294 566 4351 Reiskiuuum,
595 4308 667 4356 cluam
683 4292 791 4344 illustrat
808 4294 917 4356 apposito
933 4293 987 4342 loeo
1005 4291 1076 4344 Dion.
1093 4294 1193 4360 Λυκίης.
1209 4293 1247 4358 V,

119 4373 164 4429 οδ,
180 4385 201 4433 p.
220 4373 275 4423 378.

151 4447 188 4512 (7)
223 4452 285 4498 εἶναι
302 4450 406 4500 fortasse
423 4452 509 4500 melius
526 4451 625 4503 abesset.
