2754 5018
668 245 711 314 Μ

121 441 240 527 »Ὀρῶ
261 446 349 523 μὲν,
383 436 530 523 ὧνδρες
551 437 781 511 Ἀθηναῖοι,
804 435 850 500 τὰ
873 436 1050 520 παρόντα
1071 435 1247 520 πράγμα·

119 541 195 606 τα”.
227 542 313 605 Μετὰ
337 537 363 605 δ’
385 540 521 625 Ἀρχίαν
544 541 630 602 ἐστὶν
655 533 853 620 Εὔβουλος,
877 533 940 599 εἶτα
958 537 1137 611 Λήκισκος,
1159 533 1247 616 ἔφόἰι

117 643 176 715 τὴν
198 638 338 725 ἑβδόμην
361 644 425 703 τῶν
448 636 646 702 Φιλιππικῶν
669 631 872 719 δημηγοριῶν
895 631 1013 698 διέθετο
1037 633 1121 717 πρὸς
1144 632 1202 708 τὰς
1223 635 1249 696 ἐκ

120 739 374 813 Πελοποννήσου
411 734 602 821 πρεσβείας,
643 736 759 807 ταύτην
793 734 851 807 τὴν
883 734 990 818 ἀρχὴν
1020 733 1249 812 ποιησάμενος·

120 836 270 913 )“Οταν,
305 835 448 921 ὦνδρες
480 838 701 910 Ἀθηναῖοι,
732 833 853 915 λόγοι
882 830 1130 916 γίγνωνται.”
1168 830 1249 893 Μετὰ

119 940 275 1002 Λυκίσκον
309 941 393 1003 έστίν
422 936 533 1022 ε’ίρχων
572 930 783 1007 Πυθόδοτος,
818 932 864 1016 ἐφ’
896 932 933 996 οὗ
956 933 1014 1006 τὴν
1045 926 1171 1014 ὀγδόην
1193 933 1251 993 τῶν

120 1034 319 1101 Φιλιππικῶν
341 1034 542 1122 δημηγοριῶν
565 1033 682 1100 διέθετο
705 1034 788 1116 πρὸς
810 1034 886 1105 τοὺς
899 1031 1063 1095 Φιλίππου
1076 1026 1249 1110 πρέσβεις,

118 1138 157 1209 ἧς
179 1141 263 1200 ἔστιν
286 1137 385 1222 ἀρχή·
433 1133 622 1221 »Ὧνδρες
645 1134 873 1207 Ἀθηναῖοι,
897 1131 966 1194 οἰικ
989 1128 1118 1204 έστιν,
1142 1130 1249 1202 ὅπως

119 1237 154 1298 αἰ
172 1236 212 1313 (Ιί
237 1236 377 1300 αἰτίαι.”
424 1240 483 1299 Καὶ
506 1237 564 1300 τὸν
587 1233 651 1296 κατ’
667 1235 826 1317 Αἰσχίνου
842 1227 1033 1301 συνετάξατο
1049 1228 1179 1312 λόγον,
1202 1231 1249 1292 ὅτε

117 1334 176 1408 τὰς
198 1335 333 1409 εὐθύνας
357 1332 459 1400 ἐδίδου
474 1346 529 1411 τῆς
547 1332 690 1416 δευτέρας
705 1330 881 1417 πρεσβείας
897 1340 952 1405 τῆς
968 1332 1017 1394 ἐπὶ
1034 1331 1110 1404 τοὺς
1126 1331 1251 1411 ὅρκους.

120 1434 206 1498 Μετὰ
242 1432 432 1500 Πυθόδοτόν
461 1439 544 1500 ἐστιν
569 1435 768 1516 Σωσιγένης,
803 1432 850 1515 ἐφ’
874 1430 911 1494 οὗ
934 1431 992 1505 τὴν
1015 1428 1130 1502 ἐνάτην
1154 1426 1252 1504 διελή-

118 1532 196 1596 λυθε
219 1535 295 1597 κατὰ
319 1533 480 1600 Φιλίππου
505 1533 700 1618 δημηγορίαν
723 1534 792 1614 περὶ
816 1558 882 1594 των
904 1532 938 1593 ἐν
953 1531 1147 1614 Χερρονήσῳ
1164 1557 1254 1613 στρα-

118 1636 260 1706 τιωτῶν,
289 1634 341 1697 ἰνα
372 1637 414 1716 μὴ
446 1632 581 1720 διαλυθῇ
604 1634 640 1696 τὸ
662 1632 735 1712 μετὰ
761 1633 954 1703 Διοπείθους
978 1626 1123 1703 ξενικὸν,
1148 1629 1253 1713 ἀρχὴν

120 1729 308 1815 ’έχουσανβί
333 1735 465 1807 ταήπην·
505 1729 625 1797 »Ἔδει
647 1735 730 1813 μὲν,
755 1726 898 1813 ὦνδρες
922 1731 1137 1802 Αθηναῖοι,
1162 1730 1252 1802 τοὺς

119 1828 319 1914 λέγοντας
342 1831 556 1907 άπαντας.”
573 1828 624 1910 (5).
671 1834 729 1895 Ka?
755 1828 832 1893 κατὰ
855 1829 912 1893 τὸν
925 1827 1022 1892 αὐτὸν
1037 1825 1184 1910 ἄρχοντα
1198 1828 1254 1900 τὴν

120 1927 268 2009 δεκάτην,
292 1937 325 1998 ἐν
346 1932 365 2019 ᾗ
387 1939 527 2019 πειρῶται
550 1931 724 2006 διδάσκειν,
752 1935 799 1995 ὅτι
821 1929 888 1995 λύει
911 1931 969 2004 τὴν
991 1932 1117 2014 εἰρήνην
1143 1927 1254 1993 Φίλιπ-

120 2058 198 2106 πος,
222 2037 270 2096 καὶ
293 2034 449 2118 πρότερος
464 2037 579 2118 ἐκφέρει
593 2034 651 2097 τὰν
663 2030 822 2113 πόλεμον,
847 2033 885 2104 ής
900 2031 984 2093 ἐστιν
995 2029 1081 2113 άρχή
1095 2049 1099 2059 ’
1127 2050 1144 2088 ν
1157 2035 1185 2092 Π
1196 2028 1255 2092 ολ-

120 2128 224 2207 λῶν,
253 2129 404 2214 ὦνδρες
429 2133 658 2208 Ἀθηναῖοι,
681 2131 816 2216 λόγων
845 2127 1130 2215 γιγνομένων.’,’
1169 2127 1255 2192 Μετὰ

123 2233 305 2315 Σωσιγένην
339 2231 451 2316 ι’ίρχων
473 2233 537 2296 ἐστὶ
563 2233 764 2316 Νικόμαχος,
788 2229 832 2314 ἐφ’
855 2229 892 2293 οὗ
908 2229 966 2302 τὴν
981 2225 1147 2302 ἑνδεκάτην
1164 2224 1256 2308 δημη-

121 2332 236 2413 γορίαν
260 2326 426 2404 διελήλυθε
447 2336 516 2414 περὶ
539 2337 595 2394 τοῦ
611 2331 774 2395 λελυκέναι
789 2331 846 2404 τὴν
863 2330 989 2412 εἰρήνην
1007 2326 1181 2390 Φίλιππον.
1208 2331 1256 2390 καὶ

120 2431 197 2502 τοὺς
211 2428 395 2504 Ἀθηναίοις
409 2434 507 2494 πείθει
525 2429 712 2504 Βυζαντίοις
728 2426 912 2494 ἀποστεῖλαι
927 2424 1097 2511 βοήθειαν,
1119 2428 1158 2501 ἧς
1174 2427 1258 2490 ἐστιν

121 2529 222 2614 άρχή·
262 2534 348 2594 »καὶ
373 2527 574 2596 σπουδαῖα
597 2530 798 2613 νομίζων,
834 2525 1257 2613 ὦνδρεςἈθηναῖοι.”

123 2629 195 2692 Ἐπὶ
220 2631 392 2715 Νικομάχῳ
428 2633 637 2716 Θεόφραστος
660 2632 793 2717 ἄρχων,
815 2629 860 2714 ἐφ’
883 2626 921 2692 οὗ
943 2630 1042 2691 πείθει
1063 2628 1139 2702 τοὺς
1162 2627 1257 2702 Ἀθη-

122 2733 231 2804 ναίους
264 2735 418 2816 γενναίως
448 2733 611 2814 ὑπομεῖναι
644 2734 701 2797 τὰν
731 2730 896 2812 πόλεμον,
931 2729 976 2801 ῶς
1002 2725 1257 2812 κατηγγελκότος

123 2830 220 2893 αὐτὸν
234 2826 272 2907 (εἰ)
311 2826 370 2906 ήδη
404 2829 575 2896 Φιλίππου.
631 2830 739 2896 κάστιν
778 2831 855 2905 αὕτη
892 2826 1051 2893 τελευταία
1087 2831 1153 2891 τῶν
1182 2824 1258 2891 κατὰ

123 2929 284 2995 Φιλίππου
316 2928 535 3017 δημηγοριῶν,
567 2932 674 3015 ἀρχὴν
703 2932 824 3019 έχουσα
853 2932 985 3005 ταύτην·
1033 2927 1143 2993 ν”Οτι
1164 2935 1238 3008 μὲν
1247 2978 1256 3007 ,

123 3024 277 3113 ὦνδρες
315 3029 538 3108 Ἀθηναῖοι,
579 3029 786 3106 Φίλιππος
824 3030 893 3096 οὐκ
927 3031 1151 3104 ἐποιήσατο
1185 3029 1258 3103 τὴν

155 3341 192 3409 (1)
225 3345 282 3394 isat
298 3361 342 3407 pro
357 3347 428 3406 ὃπως
444 3347 470 3397 αἰ
486 3345 555 3398 Amin

155 3421 192 3487 (2)
226 3421 266 3472 Sic
284 3424 365 3485 Amb.;
382 3427 458 3490 vulgo
473 3429 575 3493 ἔχουσα.

156 3498 192 3564 (3)
226 3501 283 3550 Non
302 3502 372 3564 pluro
395 3502 462 3555 Amb.
486 3506 568 3569 Vulgo
586 3506 695 3555 additur:
719 3506 746 3554 ἐν
773 3502 834 3567 ὑμῖν
851 3503 912 3566 μήτε
931 3506 997 3565 πρὸς
1013 3501 1112 3565 ἔχθραν
1129 3504 1259 3552 ποιεῖσθαι

124 3580 204 3643 λόγον
219 3579 327 3642 μηδένα,
345 3582 407 3644 μήτε
419 3588 485 3647 πρὸς
499 3588 584 3649 χάριν,
596 3602 657 3650 ques
670 3584 742 3635 verbo
754 3597 804 3630 non
815 3581 910 3644 dubito,
920 3580 979 3644 quin
991 3595 1021 3628 ex
1031 3579 1083 3641 ipso
1095 3578 1259 3630 Demosthene

123 3659 250 3720 postmodo
274 3661 385 3722 supplete
409 3662 467 3713 sini.
500 3662 628 3714 Sufficiunt
644 3665 709 3714 enim
724 3663 768 3712 illa
783 3677 859 3724 panea
881 3662 911 3709 ed
934 3660 1067 3709 orationem
1088 3658 1258 3718 indicandam.

123 3752 168 3787 nec
183 3739 378 3800 praecedentium
392 3742 509 3804 principie
524 3743 604 3794 insius
621 3750 703 3794 noster
719 3741 812 3792 laudat.
830 3740 893 3789 Rem
909 3739 1007 3789 conficit
1022 3737 1132 3788 absentia
1148 3740 1218 3790 verbi
1233 3740 1259 3788 in

123 3817 292 3880 sequentibus,
310 3817 352 3867 ubi
367 3820 495 3882 cogitando
512 3824 671 3884 supplendum
688 3838 701 3871 e
717 3819 863 3884 praegressis
881 3820 990 3882 ‹io-earo,
1007 3831 1130 3881 quaeres,
1148 3818 1258 3879 pluribus

123 3894 287 3957 interpositis,
313 3897 446 3947 orationem
469 3899 579 3948 redderet
595 3899 761 3949 obscuriorem
795 3895 912 3945 Similiter
929 3911 987 3944 mox
1004 3910 1059 3944 oum
1076 3895 1160 3943 eodem
1177 3896 1258 3944 codiee

124 3974 194 4023 omisi
205 3974 335 4024 voeabula:
362 3975 451 4041 ὀλίγον
468 3977 519 4027 δεῖν
536 3979 593 4027 καθ’
613 3976 724 4035 ἑκάστην
741 3977 878 4035 ἐκκλησίαν
895 3978 949 4036 posi
962 3973 1056 4023 vooab,:
1074 3975 1159 4036 λόγων
1175 3993 1259 4039 γιγνο-

124 4057 207 4118 μένων
224 4053 267 4118 (sio
283 4059 347 4104 recte
358 4056 427 4106 Amb.
438 4072 482 4118 pro
494 4056 657 4121 γινομένων)’;
675 4057 761 4105 deinde
772 4057 799 4104 in
811 4053 905 4103 leae
916 4053 1032 4101 orationis
1042 4052 1160 4114 principio
1172 4055 1257 4102 verbe:

124 4133 182 4194 περὶ
198 4133 234 4183 ὧν
251 4133 404 4194 βουλεύεσθε
421 4136 463 4183 καί
480 4137 609 4199 ἀναγκαῖα
627 4139 659 4199 τῇ
675 4137 749 4185 πόλει
766 4134 917 4197 πειράσομαι
935 4134 992 4194 περὶ
1008 4131 1199 4191 αὐτῶνείπεῐν;
1217 4132 1257 4182 ds·

123 4210 212 4273 nique,
230 4211 314 4259 eodem
329 4210 391 4260 libro
408 4215 520 4271 auctore,
537 4212 565 4261 in
580 4211 696 4274 principio
714 4211 835 4261 XIImse:
860 4213 942 4260 πᾶσιν
959 4209 1019 4274 ὑμῖν
1035 4213 1148 4274 φανερὸν
1166 4211 1259 4275 γέγονε.

126 4288 253 4352 Supplevit
269 4303 297 4337 es
314 4289 395 4338 omnis
410 4290 499 4340 sciolus
515 4291 546 4339 od
561 4290 673 4353 periodos
689 4290 781 4340 seilicet
797 4288 961 4338 absolvendas.

159 4367 196 4432 (4)
229 4366 336 4418 Motellii
352 4374 377 4419 et
392 4367 478 4420 Wolfii
495 4384 580 4435 mergo
596 4368 671 4419 hebet
687 4369 774 4421 αὐτόν.
791 4366 906 4418 Pessime.
