2754 5018
659 271 705 340 26

116 496 223 552 γυεται
246 470 295 532 καὶ
319 463 473 552 διαυγὴς,
496 466 600 549 ὥσπερ
623 462 661 528 vd
685 460 912 548 διαφανέστατα
935 465 1000 527 τῶν
1029 465 1179 546 ναμάτων
1195 462 1241 544 ill·

118 565 255 653 ἀκριβής
277 595 308 631 τε
332 570 379 631 καὶ
403 564 502 640 λεπτὴ
525 564 597 649 παρ’
621 565 772 638 ἡντινοῦν
796 563 902 646 ἑτέραν
924 566 989 626 τῶν
1014 566 1059 641 εἰς
1082 565 1142 638 τὴν
1158 564 1244 639 αὐτὴν

119 666 284 735 διάλεκτον
314 669 548 752 είργασμένων’
579 667 638 740 τήν
668 691 699 728 τε
731 665 897 738 κοινότητα
921 660 1028 729 διώκει
1049 671 1116 729 τῶν
1140 665 1243 744 ‹leopi-

118 796 175 832 τον
208 772 256 831 καὶ
289 769 347 842 τὴν
382 769 552 850 σαφήνειαν
586 765 688 841 ἀσκεῖ,
719 764 825 838 πάσης
847 759 1044 848 ὑπεριδοῦσα
1067 774 1245 838 κατασκευῆς

120 871 280 934 ἐπιθέτου·
305 871 322 932 ὅ
349 896 380 932 τε
402 877 497 940 πίνος
521 871 538 930 ὁ
561 874 617 941 τῆς
639 865 852 949 ἀρχαιότητος
876 863 960 949 ἠρέμ’
988 865 1069 950 αὐτῇ
1093 867 1144 928 καὶ
1166 863 1248 935 λελη-

119 970 225 1046 θότως
258 969 432 1052 ἐπιτρέχων
450 962 509 1045 (⁶2),
540 964 680 1051 χλοερόν
715 990 746 1026 τε
781 989 810 1027 τι
833 967 881 1026 xii
904 961 1045 1038 τεθηλὸς
1068 967 1120 1027 καὶ
1143 963 1247 1047 μεστὸν

119 1070 202 1153 ὥρας
225 1067 327 1145 ἄνθος
350 1061 538 1131 ἀναδίδωσι·
575 1068 622 1128 καὶ
646 1065 750 1148 ὥσπερ
773 1063 837 1128 ἀπὸ
860 1066 925 1126 τῶν
948 1058 1173 1129 εὐωδεστάτων
1194 1063 1249 1128 λει-

117 1169 233 1249 μώνων
267 1165 349 1250 αὗρά
381 1192 428 1239 τις
451 1161 537 1238 ἡδεῖα
562 1160 595 1237 ἐξ
617 1163 712 1236 αὐτῆς
737 1165 856 1247 φέρεται
868 1157 925 1240 (ὅ)
949 1165 998 1226 καὶ
1026 1159 1099 1226 οὔτε
1115 1163 1152 1226 τὸ
1168 1161 1250 1244 λιγα-

117 1268 176 1351 ρὸν
200 1264 296 1330 έοικεν
318 1267 475 1348 ἐμφαίνειν
498 1262 623 1337 λάλου,
647 1260 718 1326 οὔτε
740 1262 776 1325 τὸ
800 1261 924 1344 κομψὸν
946 1263 1127 1346 θεατρικόν.
1157 1259 1249 1325 Ὅταν

118 1364 144 1432 δ’
168 1370 211 1441 είς
234 1367 293 1441 τὴν
315 1363 561 1448 περιττολογίαν
585 1367 634 1426 καὶ
656 1364 693 1433 ,τὸ
717 1360 917 1438 καλλιεπεῖν,
941 1360 959 1425 ὃ
983 1360 1148 1433 πολλάκις
1169 1359 1250 1424 εἴωθε

119 1473 237 1541 ποιεῖν,
272 1464 408 1548 ἄμετρον
442 1465 545 1547 ὁρμὴν
567 1458 678 1546 λάβη,
701 1459 818 1545 πολλῷ
842 1463 958 1544 χείρων
982 1459 1060 1533 αὐτὴ
1080 1455 1121 1536 ill
1147 1461 1250 1534 ἑαυτῆς

118 1571 260 1652 γίγνεται
294 1567 354 1627 Καὶ
384 1560 445 1647 peip
464 1558 502 1640 (5)
528 1557 697 1643 ἀηδεστέρα
721 1569 777 1635 τῆς
801 1549 904 1643 ἑτέρας
928 1563 976 1622 καὶ
1001 1559 1111 1625 κάκιον
1135 1557 1254 1633 ἑλληνί·

117 1667 217 1741 ζουσα
229 1669 276 1731 καὶ
289 1665 448 1748 παχυτέρα
461 1664 609 1746 φαίνεται,
619 1662 756 1741 μελαίνει
769 1654 843 1738 velli)
856 1660 892 1722 τὸ
905 1663 1002 1743 σαφὲς
1016 1662 1065 1723 καὶ
1078 1658 1171 1743 ζόφῳ
1182 1664 1255 1721 ποιεῖ

118 1767 342 1853 παραπλήσιον
361 1762 418 1841 ll),
442 1762 521 1827 ἕλκει
543 1763 614 1836 τέἶς
637 1762 758 1845 μακρὸν
780 1760 991 1825 ἀποτείνουσα
1007 1761 1065 1825 τὸν
1079 1763 1184 1833 νοῦν,
1206 1784 1253 1820 συ-

118 1869 247 1952 στρέψαι
281 1862 312 1931 δὲ
345 1861 416 1929 δέον
446 1865 479 1927 ἐν
510 1862 637 1947 ὀλίγοις
661 1863 836 1943 ὀνόμασιν,
867 1862 1000 1945 ἐκχεῖται
1024 1863 1068 1933 εἰς
1093 1856 1255 1943 ἀπειροκά·

119 2060 280 2074 ——nn——n

149 2183 188 2247 (1)
222 2181 297 2230 Codd.
314 2180 412 2245 quidam
430 2182 563 2245 σωμάτων.

151 2260 187 2326 (2)
221 2257 345 2308 Constitui
368 2259 462 2320 locum,
487 2262 515 2306 ut
538 2259 629 2321 legitur
654 2259 681 2307 in
698 2261 823 2319 Ambr0e.‚
841 2261 888 2310 nisi
904 2261 970 2325 quod
986 2276 1000 2310 e
1016 2259 1147 2310 verissimo
1164 2257 1255 2313 Reiclrii

117 2337 266 2390 correctione
291 2336 347 2385 dedi
371 2336 513 2398 ἐπιτρέχων
540 2352 584 2399 pro
607 2337 741 2400 ἐπιτρέχει.
774 2337 858 2400 Vulgo
884 2339 988 2402 turpiter
1004 2337 1168 2400 interpolatus
1184 2335 1255 2384 fertur

118 2414 143 2466 in
160 2419 227 2466 hunc
243 2416 356 2463 modum:
373 2416 386 2464 ii
404 2431 429 2462 τε
448 2418 524 2471 πῖνος
542 2415 611 2478 αὐτῇ
627 2417 677 2464 ταὶ
702 2418 801 2479 χνοῦς
825 2417 838 2466 ὁ
861 2419 910 2475 τῆς
927 2417 1102 2480 ἀρχαιότητος
1119 2413 1201 2478 ἠρέμα
1217 2411 1255 2462 παῖ

117 2499 265 2557 λεληθότως
295 2497 427 2558 ἐπιτρέχει,
468 2495 538 2556 Scin,
565 2496 629 2543 unde
654 2495 773 2544 emblema
787 2496 872 2557 pedem
889 2495 1014 2545 intulerit?
1054 2494 1150 2557 Nempe
1168 2510 1199 2543 ex
1213 2492 1255 2540 hoc

119 2575 223 2633 scholio,
240 2573 306 2638 quod
322 2571 456 2634 marginele
472 2572 563 2620 habent
584 2573 704 2637 plerique,
722 2589 781 2638 quoe
793 2575 857 2634 vidi,
874 2574 954 2624 codd:
973 2578 1049 2631 ericae
1061 2575 1073 2624 ὁ
1086 2571 1186 2632 ρῦπος,
1204 2572 1255 2632 ἣτοι

122 2654 308 2716 ὁέπιτείμενος
333 2654 411 2714 χνοῦς
435 2651 468 2708 ὡς
485 2650 527 2699 ἐπὶ
544 2651 635 2714 μήλων
651 2653 692 2700 καί
708 2653 791 2702 ἀπίων
808 2655 849 2703 παὶ
868 2652 1046 2716 δαμαστηνῶν.
1080 2651 1153 2700 Idem
1169 2649 1253 2713 repeti·

120 2737 162 2781 tur
183 2731 210 2780 in
233 2730 317 2779 libello
335 2731 362 2777 de
379 2729 545 2777 Demosthenis
560 2744 581 2778 α.
599 2745 620 2777 ν.
638 2731 660 2778 d.
678 2735 781 2780 eccesie
798 2730 896 2779 Βοίελείο
912 2731 1003 2793 legitur
1019 2745 1117 2794 quoque
1133 2728 1163 2777 in
1180 2743 1254 2776 exem·

119 2811 196 2873 plari,
224 2810 289 2858 unde
314 2810 500 2870 transscriptum
517 2813 553 2857 ost
572 2808 739 2859 Bodleianum.
773 2810 918 2861 Conferatur
936 2811 1044 2860 eiusdem
1060 2809 1140 2859 libelli
1157 2825 1209 2873 cap.
1227 2809 1253 2856 38

120 2902 194 2949 ρεορο
219 2885 276 2935 fimt
292 2888 350 2935 ἀλλ’
370 2885 478 2935 ἐπανθεῖ
499 2902 538 2942 τις
555 2885 648 2944 αὐτοῖς
677 2890 778 2949 χνοῦς
807 2888 1032 2951 ἀρχαιοπινὴς
1060 2889 1102 2936 ταὶ
1120 2885 1253 2950 ἀβίαστος.

120 2964 183 3014 ibid.
209 2980 259 3026 cap.
286 2966 316 3012 39
342 2963 403 3012 med
429 2965 553 3025 σεμνότης
571 2965 694 3027 ἁρμονίας
715 2970 772 3016 τὸν
796 2967 935 3030 ἀρχαῖον
959 2965 1127 3030 φυλάττουσα
1152 2967 1253 3014 πῖνον.

121 3043 181 3093 Ibid.
204 3059 254 3105 cap.
272 3045 302 3091 45
320 3058 380 3092 vers.
397 3041 453 3090 iim:
481 3043 538 3092 οῦτε
557 3046 602 3092 τὸν
618 3043 786 3095 ἐπιδεικτικὸν
814 3047 940 3110 αὐχμοῦ
969 3050 1088 3110 μεστὸν
1115 3046 1182 3096 εἶναι
1207 3041 1253 3093 ταί

121 3122 224 3171 πίνου.
259 3117 330 3172 Quod
356 3134 414 3168 mox
438 3135 482 3181 pro
509 3122 619 3183 χλοερόν
635 3125 672 3171 εει
699 3123 726 3171 in
750 3120 860 3173 Ambros.
887 3127 913 3172 et
934 3128 995 3174 teste
1019 3122 1120 3174 Reiskio
1137 3123 1166 3171 in
1182 3119 1253 3171 Paris.

121 3199 212 3262 ἰλιιρῦν
228 3197 332 3259 speciem
348 3197 429 3246 hebet.
464 3197 501 3246 Cf.
519 3197 593 3247 huius
610 3199 726 3260 epistolae
743 3217 792 3264 cap.
811 3203 825 3249 3
841 3201 886 3251 sub
901 3201 989 3251 finem:
1017 3203 1057 3253 ὅτι
1073 3202 1103 3250 τὸ
1120 3201 1168 3265 μὲν
1184 3198 1253 3262 Ἠρα-

121 3275 196 3324 δότου
213 3277 309 3332 κάλλος
327 3276 440 3338 ἱλαρόν
457 3275 510 3325 ἐστι
527 3275 575 3324 κτὲ.
609 3275 697 3328 Verius
714 3283 797 3328 tamen
814 3281 928 3343 χλοερόν.

153 3353 188 3417 (3)
224 3350 364 3415 διαφέρεται
390 3351 464 3401 Paris.
498 3352 635 3416 εἰσφέρεται
658 3370 726 3404 εοεαε
744 3358 772 3405 P.
807 3356 868 3406 Mox
892 3356 1005 3419 rescripsi
1030 3356 1183 3407 solinneio
1201 3353 1250 3418 (pro

121 3432 229 3480 κάλλιον
238 3427 326 3491 εἰπεῖν)
338 3429 352 3475 i
365 3444 384 3476 e.
395 3445 433 3476 ore
449 3432 578 3492 prendere
594 3433 658 3493 ioqui
673 3449 703 3482 ex
720 3435 771 3482 cod.
791 3434 899 3485 imbros.
918 3435 943 3482 in
961 3434 1002 3483 lib.
1013 3434 1044 3482 de
1055 3432 1182 3482 Demosth.
1196 3447 1214 3481 c.
1225 3431 1252 3479 V.

121 3507 197 3570 Loco,
214 3522 286 3569 quem
302 3512 448 3569 traiciamus,
466 3508 539 3557 habet
554 3510 696 3562 κάλλιστον
713 3512 805 3574 εἰπεῖν,
823 3528 884 3576 quae
900 3512 972 3560 lectio
990 3515 1052 3559 teste
1064 3509 1165 3558 Reiekio
1177 3512 1252 3558 exstat

121 3600 216 3649 quoque
234 3586 259 3632 in
276 3585 334 3632 eod.
352 3585 421 3643 Per„
446 3587 495 3634 nisi
512 3587 576 3650 quod
595 3589 615 3637 ἰε
632 3589 658 3636 in
674 3604 722 3651 mg.
739 3590 813 3640 habet
830 3610 868 3657 χρ.
886 3591 1004 3640 κάλλιον.
1038 3587 1158 3638 scribitur
1175 3593 1253 3638 eutem

120 3665 227 3713 κάλλιον
243 3664 269 3710 in
284 3662 350 3710 codd.
367 3663 401 3710 sic
416 3663 504 3712 ferme:
520 3665 607 3717 τάλλι.

154 3739 189 3803 (4)
224 3740 291 3798 αὐτη
309 3739 338 3786 dc
355 3741 492 3788 coniectura
508 3756 561 3790 mee
578 3743 674 3792 inserui.

155 3818 192 3884 (5)
226 3816 279 3865 0m.
296 3832 364 3865 meus
382 3820 447 3882 γὰρ,
463 3822 489 3866 αι
504 3834 561 3868 mox
579 3825 625 3880 τῆς
643 3821 741 3886 ἑτέρας;
759 3823 838 3887 quod,
856 3828 884 3871 ut
901 3821 1033 3874 verisimile
1050 3824 1103 3885 εει,
1120 3825 1252 3885 ρεοριοετὸ

121 3897 311 3962 ῦμοιοτέλευτον
328 3896 424 3946 excidit.

154 3975 189 4039 (6)
222 3974 289 4023 Male
305 3975 426 4038 repetitur
443 3974 518 4036 vulgo
535 3975 584 4040 γάρ
601 3983 656 4039 post
673 3995 714 4040 τε,
732 3980 797 4042 quod
812 3979 933 4042 perspexit
949 3978 1041 4042 primus
1053 3976 1176 4029 Reiskiue.
1204 3979 1253 4043 Ego

122 4053 209 4103 dclcvi.

151 4131 190 4194 (7)
225 4131 362 4180 Retinenda
386 4131 515 4182 videbatur
532 4131 634 4194 vulgate
649 4132 736 4182 lectio:
763 4135 828 4200 ζόφῳ
860 4140 926 4186 ποιεῖ
944 4134 1148 4198 παραπλήσιον,
1175 4139 1254 4198 spreta

120 4211 224 4260 lectione
250 4212 337 4260 codicis
360 4210 518 4268 Parisiorum,
548 4210 710 4274 ζοφοποιεῖν,
735 4215 800 4277 quod
825 4214 927 4264 verbum
953 4231 1076 4283 nusquam
1093 4217 1152 4269 olibi
1167 4220 1254 4283 reperi·

120 4293 175 4351 tur,
197 4306 313 4353 meroque
340 4291 417 4338 errori
438 4289 557 4350 originem
574 4288 661 4338 debere
678 4290 809 4339 verisimile
825 4297 870 4340 est.
904 4290 963 4342 Mox
980 4295 1035 4343 dedi
1058 4299 1079 4346 r'
1107 4297 1142 4356 εἰς
1159 4298 1254 4361 μακρόν

117 4384 162 4431 pro
180 4387 204 4419 τε
222 4367 320 4433 μακρόν
337 4384 350 4417 e
366 4367 494 4432 Kruegeri
510 4367 656 4419 coniectme.
