2754 5018
740 254 784 320 16

197 442 234 508 τά
265 445 334 508 τότε
357 441 525 529 συμβάντα
548 441 737 520 διεξελθὼν,
762 440 933 517 διεξελθὼν
956 444 988 514 δὲ
1011 454 1059 514 καὶ
1082 454 1158 525 τοὺς
1179 449 1324 535 ῥηθέντας

199 545 250 629 ὑφ’
277 547 387 608 ἐαυτοῦ
410 541 534 629 λόγους
556 546 605 608 ἐπὶ
628 552 683 617 τῆς
708 543 896 622 ἐκκλησίας,
921 552 968 611 καὶ
994 550 1038 623 ὡς
1060 547 1262 635 πρεσβευτὴς
1282 553 1324 616 ὑπ’

199 632 381 717 Ἀθηναίων
413 646 457 718 είς
481 641 596 728 Θήβας
619 644 780 726 ἐπέμφθη,
812 649 908 709 ταῦτα
931 645 1007 711 κατά
1029 646 1117 721 λέξιν
1139 651 1324 725 ἐπιτίθησιν·

203 742 287 820 »Ὡς
321 739 397 822 δ’)ί)
422 743 637 828 ἀφικόμεθ’
672 745 726 820 είς
749 742 820 816 πιές
843 742 1008 829 θήβας,
1032 747 1327 832 κατελαμβάνο-

198 871 268 925 μεν
299 843 510 908 Φιλίππον
545 848 604 907 καὶ
640 841 862 907 Θετταλῶν
896 851 956 909 καὶ
979 851 1059 911 τῶν
1082 846 1328 929 τίλλωνσνμ-

197 944 337 1030 μα’χων
360 947 562 1029 παρόντας
583 941 791 1030 πρέσβεις,
822 950 878 1010 καὶ
902 951 995 1021 τοὺς
1017 954 1085 1031 μὲν
1109 951 1328 1033 ἡμετέρους

198 1042 344 1130 φίλους
382 1046 421 1107 ἐν
451 1039 588 1128 φόβῳ,
619 1046 717 1117 τοὺς
753 1041 942 1108 δ’ἐκείνον
974 1047 1178 1131 θρασεῖς.”
1220 1046 1330 1114 ”Επειτ’

197 1142 369 1219 ἐπιστολήν
406 1172 476 1209 τινα
515 1143 665 1219 κελεύσας
716 1143 963 1227 ἀναγνωσθῆναι
1015 1149 1100 1211 ταῦτ’
1139 1150 1329 1224 ἐπιτίθησιν·

200 1240 375 1319 »Ἐπειδὴ
408 1248 553 1309 τοίνυν
586 1246 822 1317 ἐποιήσαντο
845 1248 914 1320 τὴν
938 1245 1189 1325 ἐκκλησίαν,
1218 1259 1329 1335 προη·

198 1340 324 1428 γονίῖ)
358 1346 537 1418 ἐκείνους
574 1346 812 1427 (προτέρους)
848 1340 910 1408 διό
933 1346 977 1408 τὸ
1000 1347 1070 1421 τὴν
1093 1351 1167 1411 τὼν
1191 1350 1330 1431 συμμά-

199 1469 280 1528 χων
327 1441 440 1515 τάξιν
489 1445 666 1515 ἐκείνους
710 1442 827 1527 ἐχειν.
888 1448 949 1506 καὶ
987 1447 1217 1530 παριόντες
1256 1443 1330 1523 ἐδη-

197 1544 420 1626 μηγόρουν,
455 1541 588 1606 πολλὰ
621 1547 691 1622 μὲν
726 1540 943 1607 Φίλιππον
978 1543 1330 1627 ἐγκωμιάζοντες,

197 1641 335 1708 πολλὰ
374 1640 400 1708 δ’
436 1646 533 1721 ὑμῖν
570 1644 866 1727 ἐγκαλοῦντες,
915 1647 1043 1720 πάνθ’,
1080 1650 1153 1710 ὅσα
1188 1648 1331 1712 πώποτ’

198 1743 332 1808 ἐναντί’
366 1741 553 1828 ἐπράξατε
589 1740 849 1828 Θηβαίοιςίῖ),
884 1745 1251 1826 ἀναμιμνήσκοντες.
1295 1748 1331 1810 τὸ

197 1839 224 1906 δ’
247 1841 313 1907 οὗν
336 1841 542 1928 κεφάλαιον
565 1839 717 1920 ἠξίουν,
741 1843 789 1906 ὧν
811 1847 876 1923 μὲν
899 1842 936 1906 εὗ
959 1845 1238 1908 ἐπεπόνθεσαν
1262 1846 1331 1910 ὑπὸ

198 1940 415 2017 Φιλίππου,
440 1942 561 2026 χάριν
584 1942 736 2014 αὐτοὺς
759 1937 997 2005 ἀποδοῦναι·
1022 1943 1073 2005 ὧν
1096 1939 1122 2006 δ’
1146 1943 1206 2028 ὑφ’
1229 1945 1332 2025 ὑμῶν

195 2038 429 2117 ἠδίκηνται,
466 2038 584 2116 δίκην
615 2038 766 2125 λαβεῖν
790 2045 1002 2126 ὁποτέρως
1024 2039 1332 2126 βοόλονται,ἢ

194 2138 374 2217 διιέντος
397 2143 544 2216 αὐτοὺς
567 2143 620 2226 ἐφ’
643 2144 762 2222 ὑμᾶς,
785 2141 803 2216 ἢ
827 2139 1261 2226 συνεμβάλλονταςβ)
1279 2147 1333 2217 είς

193 2246 261 2318 τὴν
283 2241 502 2315 Ἀττικὴν.”
549 2245 584 2304 Ei
609 2237 646 2315 δὴ
671 2241 744 2304 κατὰ
769 2237 988 2325 Λυσιμαχίδην
1009 2250 1066 2323 μὲν
1089 2240 1234 2326 ἄρχοντα
1247 2289 1256 2316 ,
1278 2244 1333 2306 τὸν

191 2343 265 2423 μετὰ
290 2344 516 2425 Θεόφραστον,
540 2338 714 2419 λελυμένης
738 2336 797 2414 ἤδη
819 2351 875 2414 τῆς
898 2344 1048 2424 εἰρήνης,
1072 2344 1101 2404 oi
1117 2342 1201 2425 παρὰ
1220 2340 1332 2406 Φιλίπ-

193 2469 256 2506 που
289 2438 442 2525 πρέσβεις
474 2443 518 2513 είς
542 2436 658 2523 θήβας
680 2438 915 2513 ἀπεστάλησαν
938 2439 1196 2524 παρακαλοῦντες
1220 2441 1335 2515 αὐτοὺς

193 2539 330 2622 μάλιστα
352 2545 408 2620 μὲν
431 2534 654 2621 συνεισβαλεῖν
669 2533 706 2616 (5)
741 2541 785 2612 είς
808 2541 866 2612 τὴν
889 2538 1055 2616 Ἀττικὴν,
1079 2543 1102 2602 εί
1126 2537 1157 2604 δέ
1180 2542 1245 2622 μὴ,
1270 2536 1331 2605 δίο·

197 2639 255 2706 δόυ
276 2668 312 2725 γε
335 2644 378 2724 τῷ
408 2637 558 2722 Φιλίππῳ
580 2646 779 2722 παρασχεῖν,
820 2641 1032 2720 μεμνημένους
1055 2643 1127 2717 τῶνν
1147 2640 1332 2724 εὐεργεσιῶν

194 2743 291 2806 αὐτοῦ
313 2743 377 2803 τῶν
399 2743 468 2822 περὶ
489 2738 546 2800 τὸν
571 2738 712 2801 Φωκικὸν
734 2740 893 2819 πόλεμον·
917 2740 1033 2812 ταότης
1057 2735 1088 2802 δέ
1110 2741 1259 2820 μέμνηται
1277 2748 1333 2814 τῆς

193 2835 367 2923 πρεσβείας
385 2833 422 2916 )6)
473 2834 716 2920 Ἀριστοτέλης,
777 2837 820 2910 ὡς
870 2834 973 2920 ὀλίγῳ
1017 2839 1175 2921 πρότερον
1222 2835 1334 2903 ἐπέδει·

194 2950 356 2961 —-
849 2986 881 3035 ιἰν

192 3071 262 3113 tura:
295 3063 347 3113 οὐδ’
373 3064 418 3124 ἄν,
443 3064 463 3111 εί
481 3082 506 3112 τι
523 3063 638 3126 γένοιτο,
660 3062 697 3111 ἔτι
714 3062 932 3125 συμπνευσόντων
955 3060 1027 3126 opor
1050 3061 1099 3111 κτὲ,
1133 3062 1194 3111 Mox
1216 3062 1289 3127 ὑμῶν
1305 3079 1334 3114 ex

194 3144 316 3194 Demosth.
333 3144 399 3192 edito
416 3143 470 3192 dedi
486 3158 530 3205 pro
547 3143 625 3205 ἡμῶν.

226 3222 262 3288 (5)
297 3222 430 3271 DEMOSTH.
447 3224 474 3270 de
494 3223 544 3270 Ger.
562 3221 573 3283 t
592 3221 653 3267 211:
671 3220 704 3277 ὡς
720 3221 769 3284 γὰρ
787 3219 835 3269 κτέ.

227 3301 262 3367 (1)
296 3299 329 3348 Et
346 3298 513 3350 Demosthenis
530 3303 555 3347 et
571 3298 684 3362 Dionysii
700 3297 756 3346 libri
768 3298 906 3359 conspirant
918 3298 944 3346 in
953 3303 1097 3364 προσῆγον,
1115 3300 1179 3362 quod
1191 3303 1278 3351 tamen
1289 3303 1334 3352 hae

193 3381 289 3445 quidem
313 3378 339 3426 in
363 3394 390 3427 re
410 3378 468 3427 ferri
483 3376 574 3440 nequit.
608 3377 668 3424 Mor
684 3377 766 3425 addidi
782 3375 921 3439 προτέρους
938 3394 968 3425 err
986 3376 1147 3426 Demosthene
1164 3378 1230 3426 edito
1248 3380 1260 3442 t
1280 3381 1334 3431 213.

193 3458 306 3507 Fortasse
322 3461 404 3505 tamen
420 3457 485 3518 apud
501 3454 647 3518 Dionysium
664 3454 765 3517 antiqua
781 3454 853 3502 lectio
870 3455 929 3502 haee
945 3454 994 3502 fuit
1012 3455 1153 3519 προτέρους
1165 3463 1295 3522 προῆγον.

226 3536 262 3601 (2)
296 3535 370 3583 Recte
385 3535 421 3583 ita
437 3535 505 3583 Ama.
523 3539 549 3582 et
565 3532 689 3581 Demosth.
706 3533 739 3582 il.
758 3533 880 3594 Vulgatur
897 3535 1034 3594 θηβαιους.
1070 3535 1214 3583 Notabilior
1230 3541 1270 3585 est
1289 3537 1334 3585 leo-

192 3616 264 3663 tionis
282 3614 383 3664 varietas
401 3614 462 3676 ὑμῐν
480 3615 650 3676 ἐγκαλοῦντες
667 3628 711 3673 pro
730 3611 799 3674 ὑμῶν
817 3617 1036 3677 κατηγοροῦντες,
1054 3615 1267 3676 quemadmodum
1286 3617 1334 3664 edi·

192 3699 233 3741 tur
253 3692 318 3755 apud
336 3691 401 3740 Dru.
418 3690 452 3739 ln
487 3689 547 3737 Mox
563 3689 619 3737 dedi
636 3689 815 3739 ἐπεπόνθεσαν
831 3705 875 3750 pro
892 3692 1074 3746 πεπόνθεσαν,
1100 3691 1186 3741 invitis
1202 3693 1333 3758 utriusque

190 3770 314 3832 scriptoris
330 3770 399 3818 eodd.
417 3767 529 3816 Fortasse
545 3783 587 3828 per
604 3767 744 3828 aphaeresin
754 3767 819 3815 oiim
837 3768 999 3817 scribebatur:
1018 3770 1044 3817 εὖ
1061 3769 1244 3820 ’πεπόνθεσαν

224 3849 260 3913 (l)
296 3847 334 3895 lta
350 3862 411 3895 eum.
429 3845 497 3893 Amb.
515 3849 539 3892 et
556 3845 623 3893 codd.
641 3850 696 3907 tipu
713 3849 737 3894 et
753 3861 789 3907 pr.
805 3843 832 3894 F.
846 3845 969 3897 Demosth.
982 3847 1038 3895 dedi
1048 3863 1091 3909 pro
1103 3846 1334 3910 συνεμβαλόντας,

190 3931 285 3975 servato
303 3924 412 3981 διιέντος
429 3923 483 3987 (pro
499 3921 627 3984 διέντας),
643 3924 708 3985 quod
724 3922 798 3970 habet
813 3939 908 3987 quoque
925 3926 970 3973 eod
986 3942 1018 3975 στ
1034 3924 1102 3974 Dem.
1136 3923 1244 3987 Tempus
1261 3942 1332 3989 prae-

188 4021 245 4055 sens
260 4008 386 4066 propterea
401 4001 522 4064 praetuli,
539 4002 603 4065 quod
620 4016 648 4050 eo
659 4001 712 4062 ipso
723 4017 812 4062 poenas
823 4003 853 4050 de
870 4003 1059 4053 Atheniensibus
1066 4004 1173 4052 sumturi
1183 4009 1257 4053 erant
1267 4003 1331 4055 The-
1349 4014 1350 4018 ’

189 4081 257 4141 bani,
274 4082 295 4131 si
307 4081 419 4144 Philippo
435 4081 566 4128 transitum
583 4078 763 4141 permitterent,
780 4083 824 4126 aut
840 4096 890 4129 una
906 4095 962 4129 oum
978 4096 1006 4128 eo
1019 4081 1127 4130 Atticam
1140 4082 1296 4133 invaderent.

223 4158 258 4225 (ὃ)
293 4159 376 4220 Vulgo
401 4158 613 4217 συνεισβάλλειν,
637 4158 702 4220 quod
717 4157 812 4206 mutavi
828 4163 925 4219 propter
941 4164 1096 4222 sequentem,
1121 4161 1165 4224 qui
1180 4161 1207 4209 ἐκ
1224 4167 1330 4226 παραλ-

189 4240 273 4299 λήλου
297 4238 410 4300 ponitur,
433 4232 564 4286 Aeristum,
605 4237 664 4284 Mox
680 4239 735 4297 post
752 4233 836 4286 δίοδον
854 4237 883 4285 de
899 4252 953 4285 meo
970 4237 1060 4287 inserui
1076 4239 1236 4288 neeessariam
1252 4242 1329 4303 perti-

203 4316 271 4365 ulam
306 4333 324 4364 ε.

190 4332 203 4366 ⁰
223 4393 260 4459 (6)
289 4336 418 4444 iocatus
435 4391 706 4457 ταύτης-πρεσβείας
723 4407 803 4442 errore
819 4392 907 4444 omissa
923 4393 950 4443 in
966 4395 1035 4446 Amb.
