2754 5018
717 224 776 381 (ιι
809 253 817 355 ξι

724 382 801 422 k.)

191 450 251 524 τὴν
271 447 415 525 Ἀττικὴν
437 449 520 534 αύτῷ
541 447 651 517 δοῦναι
671 444 782 515 δίοδον
794 496 804 526 ,
828 449 1072 530 ὑπομιμνήσκων
1090 443 1129 525 (ἰ)
1153 455 1211 522 τῆς
1233 449 1266 512 ἐν
1287 452 1326 532 τῷ

193 548 276 634 πρὸς
300 555 418 623 Φωκεῖς
439 548 567 634 πολίμιρ
588 552 760 634 γενομένης
782 545 953 634 βοηθείας,
977 549 1008 612 ἐκ
1030 557 1086 621 τῆς
1101 555 1210 621 κοινῆς
1223 550 1327 631 γίγνε-

193 644 294 726 vasli)
335 649 470 734 φανερὸς
507 653 659 732 ἱστορίας.
692 647 756 735 εἰχε
779 677 841 734 γαρ
865 646 977 722 ούτως.
1024 646 1111 710 Μετὰ
1133 647 1193 721 τὴν
1215 644 1325 710 Ὀλυυ·

128 731 156 799 0¹·
194 753 275 815 θίων
297 749 419 814 (ἰλωσιν
442 751 487 815 ἐπ’
503 749 542 829 (ἰ)
568 751 731 837 ἄρχοντος
748 748 997 832 θεμιστοκλέονς
1013 751 1166 821 συνθῆκαι
1183 745 1327 830 Φιλίππῳ

194 849 276 934 πρὸς
313 848 505 924 Ἀθηναίους
543 852 690 935 ἐγένοντο
722 853 791 932 περὶ
816 846 925 934 φιλίας
947 850 996 910 καὶ
1026 847 1220 931 συμμαχίας.
1245 846 1329 909 αύται

195 947 226 1015 δὲ
243 944 282 1026 (ί)
318 944 468 1029 διέμειναν
502 951 608 1023 ἑπτετῆ
623 944 662 1026 (5)
700 950 823 1034 χρόνον
858 947 933 1031 ἰίχρι
970 945 1178 1030 Νικομάχου·
1216 946 1266 1008 ἐπὶ
1298 941 1328 1009 δὲ

195 1048 419 1133 θεοφρόστον,
440 1055 497 1113 τού
518 1050 594 1129 μετὰ
618 1050 805 1135 Νικόμαχον
828 1044 1009 1131 ἄρξαντος,
1032 1044 1214 1121 ἐλύθησαν,
1236 1043 1329 1119 Ἀθη-

196 1151 293 1214 ναίων
314 1153 370 1230 μὲν
394 1148 557 1214 Φίλιππον
579 1151 769 1229 αἰτιωμένων
786 1148 896 1233 ἄρχειν
912 1151 968 1209 τού
984 1143 1143 1228 πολέμου,
1169 1143 1329 1210 Φιλίππου

195 1243 222 1313 δ’
232 1247 415 1327 Ἀθηναίοις
438 1248 662 1335 ἐγκαλοῦντος.
708 1247 773 1324 Τὰς
798 1243 945 1321 δἀἰτίας,
969 1241 1007 1310 δι’
1030 1243 1068 1319 ἂς
1091 1247 1134 1323 εἰς
1155 1245 1214 1309 τὸν
1237 1244 1331 1311 πόλε-

192 1374 254 1430 μον
287 1350 476 1423 κατέστησαν
503 1347 674 1415 ἀδικεῖσθαι
696 1346 847 1432 λέγοντες
871 1345 1064 1429 ἀμφότεροι,
1099 1349 1148 1408 καὶ
1172 1345 1231 1409 τὸν
1255 1346 1331 1431 χρό-

194 1475 271 1525 νον,
293 1450 326 1513 ἐν
349 1445 374 1534 ᾧ
395 1449 454 1523 τὴν
475 1452 602 1534 εἰρήνην
625 1449 743 1513 ἔλυσαν
754 1497 764 1526 ,
787 1443 931 1531 ἀκριβῶς
944 1443 1038 1521 δηλοῖ
1061 1444 1332 1531 Φιλόχορος

194 1551 229 1614 ἐν
250 1552 289 1634 τῆ
317 1548 404 1633 ἕκτη
432 1558 488 1625 τῆς
500 1544 545 1628 (6)
577 1545 760 1623 Ἀτθίδος
782 1545 910 1632 βίβλιγῖ.
956 1550 1052 1621 θήσω
1076 1541 1103 1610 δ’
1127 1542 1161 1619 ἒξ
1184 1543 1330 1625 αύπῆςΠ)

193 1648 463 1733 τάναγκαιότατα·
510 1650 798 1734 »θεόφραστος
821 1641 1077 1725 Ἀλαιεύς(8)·
1102 1648 1162 1710 ἐπὶ
1189 1648 1331 1710 τούτου

197 1747 397 1823 Φίλιππος
445 1748 491 1812 τὸ
535 1752 606 1829 μὲν
651 1751 810 1832 πρῶτον
849 1744 1111 1824 ἀναπλεύσας
1150 1748 1332 1830 Περίνθῳ

195 1845 485 1931 προσέβαλεν·
532 1848 753 1933 ἀποτυχὼν
793 1844 820 1913 δ’
868 1850 1056 1912 ἐντεῦθεν
1106 1845 1332 1920 Βυζάντιον

194 1946 427 2031 ἐπολιόρκει
474 1953 530 2014 καί
578 1952 854 2034 μηχανήματα
904 1946 1147 2032 προσῆγεν,”
1202 1945 1329 2038 Ἔπειτα

196 2045 385 2124 διεξελθὼν,
419 2052 479 2114 ὅσα
509 2058 577 2125 τοῖς
607 2050 793 2126 Ἀθηναῖοις
816 2054 833 2114 ὁ
859 2048 1022 2126 Φίλιππος
1046 2046 1182 2116 ἐνεκάλει
1206 2045 1257 2113 διὰ
1280 2057 1331 2122 τῆς

193 2147 380 2222 ἐπιστολῆς,
402 2155 498 2214 ταύτα
533 2149 633 2215 πάλιν
655 2150 732 2214 κατὰ
754 2147 841 2223 λέξιν
866 2152 1064 2223 ἐπιτίθησιν·
1114 2147 1172 2212 »Ὀ
1195 2145 1238 2212 δὲ
1271 2144 1329 2222 δή·

192 2274 267 2328 μος
303 2244 473 2324 ἀκούσας
509 2256 577 2325 τῆς
610 2245 901 2326 ἐπιστολῆς(9),
938 2251 999 2312 καὶ
1040 2249 1329 2327 Δημοσθένους

195 2344 548 2428 παρακαλέσαντος
592 2346 738 2423 αὐτοὺς
785 2348 887 2431 πρὸς
934 2347 1006 2411 τὸν
1054 2345 1239 2427 πόλεμον
1275 2343 1329 2408 καὶ

194 2445 442 2530 ψῆφισμαΗίί)
493 2447 753 2534 γράψαντος,
799 2449 1105 2531 ἐχειροτόνησε·
1157 2447 1233 2521 τῆν
1265 2449 1328 2527 μὲν

196 2545 347 2619 στήλην
391 2546 592 2612 καθελεῖν
628 2549 702 2623 τὴν
746 2551 831 2632 περὶ
868 2557 942 2623 τῆς
978 2547 1084 2632 πρὸς
1123 2543 1329 2610 Φίλιππον

195 2646 361 2730 εἰρήνης
399 2651 459 2711 καὶ
497 2649 729 2732 συμμαχίας
765 2651 1018 2722 σταθεῖσαν,
1056 2641 1328 2719 υαύςδὲπλη·

119 2789 124 2798 -
193 2748 292 2828 ροῦν
326 2749 385 2809 καὶ
418 2744 533 2810 τᾶλλ’
556 2748 733 2832 ἐνεργεῖν
768 2746 809 2810 τὰ
837 2752 913 2810 τού
943 2743 1148 2828 πολέμου.”

238 2850 341 2910 Ταῦτα
364 2847 491 2931 γράψας
513 2849 589 2913 κατὰ
613 2849 820 2934 θεόφραστον
843 2847 987 2933 ι’ίρχοντα
1002 2850 1187 2932 γεγονέναι,
1211 2850 1255 2931 τῷ
1269 2844 1329 2927 μετ’

195 2944 541 3032 ἕκεῖυουίυιαντῴῌί)
565 2949 604 3012 τὰ
627 2950 814 3033 πραχθέντα
836 2947 911 3029 μετὰ
934 2949 991 3022 τὴν
1014 2946 1109 3012 λύσιν
1130 2956 1188 3021 τῆς
1210 2949 1333 3032 εἰρήνης

199 3127 359 3139 ——n——n

228 3217 265 3284 (1)
298 3218 339 3270 Ite
354 3208 419 3272 reete
435 3222 503 3273 Amh
521 3224 604 3288 Vulgo
622 3222 851 3289 ύπερμιμνήσιιωυ,
868 3223 934 3286 quod
950 3237 1050 3284 prorsus
1066 3220 1138 3270 nihili
1155 3224 1198 3269 est.

227 3295 263 3360 (2)
297 3298 380 3360 Vulgo
396 3303 501 3364 γίνεται.
535 3301 635 3351 Correxi
651 3318 682 3351 ex
698 3301 767 3350 Amb.
786 3306 811 3349 et
823 3299 881 3348 alibi
892 3300 965 3348 etiem
977 3300 1028 3348 sine
1040 3300 1109 3351 codd.
1121 3314 1171 3348 non
1181 3297 1278 3345 monito
1288 3295 1333 3345 leo·

195 3377 249 3423 tore
265 3375 391 3439 eorrigam.

228 3450 265 3516 (3)
300 3453 338 3502 ἐπ’
357 3453 439 3503 addidi
455 3456 486 3504 de
501 3472 563 3506 meo.

228 3527 264 3593 (4)
298 3528 393 3580 Inserui
410 3532 451 3595 δὲ,
467 3535 532 3597 quod
548 3538 606 3584 ente
621 3535 747 3599 διέμειναν
763 3533 834 3582 fenile
850 3532 960 3583 excidere
975 3533 1063 3596 potuit.

228 3606 265 3672 (5)
299 3605 381 3670 Vulgo
399 3608 518 3671 ἑπταετῆ.

229 3683 265 3748 (6)
299 3685 437 3736 Articulum
453 3689 535 3738 addidi
551 3706 582 3740 ex
600 3688 669 3739 nmb.

228 3759 264 3825 (7)
297 3761 469 3814 Praetulerim:
486 3767 512 3821 ἐξ
529 3770 611 3825 αὐτῆς
627 3769 695 3818 αὐτὰ
712 3769 770 3819 τάν,

229 3839 265 3904 (8)
299 3838 373 3889 Godd.
392 3843 540 3908 Ἀλλαιεύς,
556 3844 622 3907 quod
638 3845 748 3908 correxi,
765 3843 876 3895 oentetiin
894 3843 1047 3893 monentibus
1065 3843 1122 3894 viris
1139 3843 1223 3892 doctis.

227 3917 264 3982 (9)
299 3919 422 3972 Voonbule
444 3926 528 3973 ταῦτα
551 3926 713 3984 πᾶλιν-τῆς
733 3927 872 3984 ἐπιστολῆς
896 3925 1007 3986 neglecte
1023 3939 1037 3973 ο
1054 3925 1165 3986 librario,
1181 3925 1251 3975 ouius
1264 3925 1336 3977 -oouli

195 4015 211 4048 α
225 4014 365 4061 praegresso
382 4006 429 4060 τῆς
445 4003 587 4062 ἐπιστολῆς
603 4005 634 4051 nd
649 4004 695 4054 hoe
712 4005 893 4068 aberraverant,
910 4003 1007 4054 restitui
1022 4019 1035 4052 e
1052 4005 1135 4052 codiee
1146 4005 1215 4054 Amb.
1228 4006 1337 4056 reddidi·

194 4092 242 4141 que
258 4077 415 4139 Philochoro,
431 4095 492 4142 quoe
509 4079 623 4144 Dionysii
638 4095 690 4129 esse
706 4083 870 4132 credebantur.
896 4081 1031 4130 Frustrain
1043 4081 1081 4130 his
1092 4082 1252 4133 emendandis
1267 4085 1338 4134 desn-

194 4156 263 4205 dasee
279 4155 387 4205 eruditos
403 4157 466 4207 nihil
482 4162 533 4220 est,
550 4160 615 4222 quod
631 4158 754 4207 miremur.
786 4162 880 4224 Operae
896 4164 979 4208 nutem
995 4163 1033 4208 est
1043 4167 1098 4221 post
1109 4166 1231 4223 repertam
1243 4163 1337 4213 verito-

196 4239 246 4285 iem
263 4235 394 4286 contulisse
409 4235 536 4301 Sylburgii
553 4239 742 4287 adnotationem

229 4311 282 4377 (10)
315 4312 416 4364 Oorrexi
432 4315 548 4380 ψήφισμα
565 4318 594 4366 de
612 4316 752 4366 oonieoture
767 4332 811 4378 pro
827 4316 985 4382 ψηφίσματα.

229 4389 281 4455 (11)
315 4390 356 4442 Sin
371 4391 453 4456 Amb.;
472 4396 547 4461 vulgo
564 4395 667 4446 absurde
683 4395 712 4445 ἐν
727 4395 808 4459 αὐτῷ.
