2754 5018
741 254 784 320 16

198 441 234 507 roi
265 444 335 508 τότε
358 440 525 528 συμβάντα
548 441 738 520 διεξελθὼν,
763 440 933 517 διεξελθὼν
957 444 989 514 δὲ
1012 455 1061 514 καὶ
1082 455 1160 525 τοὺς
1181 449 1324 536 ῥηθέντος

200 544 251 629 ὑφ’
278 546 387 607 ἑαυτοῦ
411 542 534 628 λόγους
558 545 605 607 ἐπὶ
629 551 684 617 τής
708 542 897 622 ἐκκλησίας,
921 552 970 611 καὶ
995 550 1039 623 ῶς
1061 547 1263 635 πρεσβευτὴς
1284 553 1323 617 ὑπ’

200 631 381 716 Ἀθηναίων
414 646 458 717 εἰς
482 640 597 727 θήβας
620 643 781 726 ἐπέμφθη,
813 649 908 708 ταῦτα
932 645 1008 711 κατά
1030 647 1118 722 λέξιν
1140 651 1323 725 ἐπιτίθησιν·

203 741 287 819 »Ὡς
321 739 397 821 δ’)ί)
423 742 638 828 ἀφικόμεθ’
673 745 727 820 είς
750 741 820 816 ταῖς
844 742 1009 829 Θήβας,
1033 747 1325 832 κατελαμβάνο-

199 870 268 925 μευ
299 842 511 907 Φιλίππου
546 847 605 906 καὶ
641 841 862 907 Θετταλῶν
896 850 1060 911 καὶτῶν
1083 846 1326 929 άλλωνσνμ·

197 943 338 1030 μάχωυ
360 947 562 1027 παρόντας
584 941 791 1030 πρέσβεις,
822 950 879 1008 καὶ
902 951 997 1021 τοὺς
1018 954 1086 1031 μὲν
1111 951 1326 1033 ἡμετέρους

199 1041 344 1129 φίλους
383 1045 421 1107 ἐν
451 1040 588 1128 φόβῳ,
619 1045 717 1117 τοὺς
753 1040 943 1109 δ’ἐκείνον
974 1046 1180 1131 θρασεῖς.”
1221 1047 1328 1114 ’Έπειτ’

198 1142 369 1218 ἐπιστολήν
407 1171 477 1208 τινα
515 1142 665 1218 κελεύσας
717 1143 964 1227 ἀναγνωσθῆναι
1015 1149 1101 1212 ταῦτ’
1140 1151 1327 1225 ἐπιτίθησιν·

200 1239 375 1318 »Ἐπειδὴ
409 1247 553 1309 τοίνυν
587 1245 823 1316 ἐποιήσαντο
845 1247 915 1319 τὴν
939 1244 1190 1325 ἐκκλησίαν,
1220 1259 1328 1336 προή-

198 1339 325 1427 γονβ)
359 1345 537 1417 ἐκείνους
574 1345 813 1427 (προτέρους)
848 1340 911 1408 διά
934 1345 977 1409 τὸ
1001 1347 1071 1421 τὴν
1094 1351 1168 1412 τῶν
1191 1350 1329 1431 συμμά-

199 1469 281 1528 χων
328 1439 440 1514 τάξιν
489 1445 666 1515 ἐκείνους
711 1442 828 1527 ἐχειν.
888 1448 949 1507 καὶ
987 1447 1218 1531 παριόντες
1255 1443 1330 1523 ἐθη-

197 1543 421 1625 μηγόρουν,
455 1540 589 1606 πολλὰ
622 1546 691 1621 μὲν
726 1541 944 1607 Φίλιππον
978 1543 1330 1627 ἐγκωμιάζοντες,

197 1641 336 1707 πολλὰ
374 1639 401 1706 δ’
437 1645 533 1720 ὑμῖν
570 1642 867 1726 ἐγκαλοῦντες,
915 1647 1044 1720 πάνθ’,
1080 1650 1153 1710 ὅσα
1188 1648 1332 1712 πώποτ’

198 1742 333 1807 ἐναντί’
366 1740 554 1827 ἐπράξατε
589 1739 849 1827 Θηβαίοιςβ),
884 1745 1250 1826 ἀναμιμνήσκοντες.
1294 1748 1332 1810 τὸ

197 1839 224 1906 δ’
248 1841 313 1906 οὗν
337 1839 542 1928 κεφάλαιον
565 1838 718 1919 ἠξίουν,
741 1843 790 1905 ῶν
812 1847 876 1923 μὲν
900 1842 936 1906 εὖ
960 1845 1238 1908 ἐπεπόνθεσαν
1261 1846 1332 1910 ὑπὸ

198 1939 415 2016 Φιλίππου,
440 1941 561 2025 χάριν
585 1941 736 2013 αὐτοὺς
759 1937 997 2005 ἀποδοῦναι·
1022 1943 1073 2007 ῶν
1096 1939 1123 2006 δ’
1147 1943 1207 2028 ὑφ’
1229 1945 1332 2025 ὑμῶν

196 2037 429 2116 ἠδίκηνται,
466 2037 584 2114 δίκην
616 2037 767 2124 λαβεῖν
790 2045 1003 2127 ὁποτέρως
1025 2039 1332 2126 βοόλουται,ή

193 2138 374 2216 διιέντος
397 2143 544 2215 αὐτοὺς
568 2143 620 2226 ἐφ’
644 2143 763 2222 ὑμᾶς,
785 2141 804 2216 ή
828 2139 1262 2226 συνεμβάλλονταςβ)
1280 2147 1333 2218 εἷς

193 2244 261 2317 τὴν
283 2240 502 2314 Ἀττικήν.”
549 2244 584 2303 Εἰ
609 2236 646 2315 δὴ
671 2240 744 2304 κατὰ
770 2237 988 2325 Λυσιμαχίδην
1010 2249 1066 2323 μὲν
1089 2240 1257 2326 άρχοντα,
1280 2245 1333 2307 τὸν

191 2343 265 2423 μετὰ
290 2343 516 2424 Θεόφραστον,
540 2336 715 2419 λελυμένης
739 2335 797 2414 ήδη
820 2351 876 2414 τῆς
899 2344 1048 2424 εἰρήνης,
1072 2344 1102 2405 oi
1117 2342 1203 2426 παρὰ
1221 2341 1332 2407 Φιλίπ-

193 2468 256 2506 που
289 2437 442 2524 πρέσβεις
474 2442 518 2512 εἰς
542 2435 658 2522 θήβας
680 2438 915 2513 ἀπεστάλησαν
938 2439 1197 2524 παρακαλοῦντες
1221 2442 1335 2516 αὐτοὺς

193 2539 330 2621 μάλιστα
353 2544 408 2619 μὲν
431 2534 655 2621 συνεισβαλεῖν
669 2532 706 2616 )5)
741 2541 785 2613 εἰς
809 2541 867 2612 τὴν
889 2538 1055 2616 Ἀττικὴν,
1079 2542 1102 2603 εί
1127 2537 1158 2604 δέ
1182 2542 1248 2622 μὴ,
1272 2537 1331 2606 bio·

197 2638 255 2705 btv
277 2667 312 2724 γε
335 2644 379 2723 τῷ
408 2636 558 2721 Φιλίππῳ
580 2645 758 2722 παρασχεῖν
771 2687 780 2713 ,
820 2641 1032 2720 μεμνημένους
1056 2644 1120 2714 τῶν
1147 2639 1331 2724 εὐεργεσιῶν

194 2742 292 2804 αὐτοῦ
313 2742 377 2802 τῶν
398 2742 468 2821 περὶ
489 2738 546 2800 τὸν
570 2738 713 2800 Φωκικὸν
734 2739 894 2819 πόλεμον·
917 2741 1034 2812 ταύτης
1057 2735 1088 2802 δὲ
1111 2741 1262 2820 μέμνηται
1279 2749 1331 2814 τῆς

193 2835 367 2922 πρεσβείας
385 2832 422 2915 )6)
473 2833 717 2920 Ἀριστοτέλης,
777 2837 821 2909 ὡς
870 2834 973 2920 ὀλίγῳ
1017 2839 1176 2922 πρότερον
1223 2836 1332 2904 ἐπέδει-

849 3003 882 3035 αν

192 3071 262 3113 tura:
295 3062 347 3112 οὐδ’
373 3063 418 3123 άν,
443 3064 464 3110 εί
481 3081 506 3111 τι
523 3062 638 3125 γένοιτο,
660 3061 697 3110 ἔτι
714 3061 932 3125 συμπνευσάντων
955 3060 1028 3126 ήμῶν
1050 3061 1099 3111 πτέ.
1134 3062 1195 3111 Mox
1217 3063 1290 3128 ὑμῶν
1304 3079 1331 3114 ex

194 3143 316 3194 Demostb
333 3143 399 3191 edito
416 3143 470 3191 dedi
486 3157 530 3204 pro
547 3141 625 3204 ἡμῶν.

226 3222 262 3288 (5)
297 3221 430 3270 Dnuosuu.
447 3223 474 3269 de
494 3221 544 3269 Cor.
562 3220 573 3282 b
592 3220 653 3266 211:
671 3220 704 3276 ὡς
720 3220 769 3283 γὰρ
787 3219 835 3268 κτὲ.

227 3300 262 3367 (1)
296 3299 329 3348 Et
346 3297 513 3348 Demosthenis
530 3301 555 3346 et
571 3297 684 3361 Dionysii
700 3297 756 3345 libri
768 3298 906 3359 conspirant
918 3298 945 3346 in
953 3303 1098 3364 προσῆγον,
1115 3300 1180 3363 quod
1192 3304 1279 3352 tamen
1289 3303 1330 3352 hm

193 3380 289 3444 quidem
313 3377 339 3425 in
363 3393 390 3426 re
410 3377 468 3426 ferri
483 3375 574 3439 nequit.
608 3376 668 3423 Mon
684 3376 766 3424 addidi
782 3375 921 3439 προτέρους
938 3393 968 3425 ex
986 3376 1147 3425 Demosthene
1165 3378 1233 3426 edito
1251 3381 1263 3443 b
1280 3381 1330 3430 213.

193 3457 306 3507 Fortasse
322 3460 404 3504 tumen
420 3456 485 3517 apud
501 3453 647 3517 Dionysium
665 3453 765 3517 antiquo
781 3453 853 3502 leotio
870 3455 930 3502 haee
945 3454 994 3502 fuit
1012 3455 1153 3518 προτέρους
1166 3464 1294 3524 προῆγον.

226 3535 262 3600 (2)
296 3534 370 3582 Recte
385 3535 421 3582 ite
438 3534 505 3582 Amb.
523 3538 549 3582 et
565 3532 689 3581 Demosth.
707 3533 739 3582 ii
758 3533 880 3594 Vulgatur
898 3535 1034 3593 θηβαιοος.
1070 3535 1215 3583 Notabiiior
1233 3541 1271 3586 est
1288 3537 1329 3584 lee-

192 3615 264 3662 tionis
282 3614 383 3664 variotos
401 3612 462 3675 ὑμῖν
479 3614 650 3676 ἐγκαλοῦντες
667 3627 711 3672 pro
729 3611 799 3674 ὑμῶν
817 3617 1036 3676 κατηγοροῦντες,
1054 3615 1268 3676 quemadmodum
1285 3615 1329 3664 edi·

192 3698 233 3740 tur
254 3693 318 3753 apud
335 3691 401 3738 Duru.
418 3689 452 3738 ln
486 3688 547 3737 Mox
563 3689 619 3736 dedi
636 3689 815 3739 ἐπεπόνθεσαν
831 3705 875 3750 pro
892 3692 1074 3746 πεπόνθεσαν,
1100 3691 1186 3741 invitis
1203 3694 1328 3757 utriusque

190 3769 314 3831 scriptoris
330 3769 398 3816 codd.
417 3766 529 3815 Fortasse
544 3782 587 3828 per
604 3767 744 3827 aphaeresin
754 3767 819 3814 olim
837 3768 1000 3816 scribebatur:
1018 3770 1044 3816 εὖ
1062 3768 1246 3820 ’πεπόνθεσαν

224 3848 260 3912 (1)
294 3846 334 3894 Ite
350 3861 411 3894 oum.
429 3845 497 3892 Amb.
515 3848 539 3892 et
556 3844 623 3892 codd.
641 3850 696 3906 ttpu
713 3849 737 3894 et
753 3861 789 3907 pr.
805 3843 832 3894 F.
846 3846 969 3896 Demosth.
982 3847 1038 3895 dedi
1048 3862 1091 3909 pro
1103 3846 1329 3910 συνεμβαλόντας,

190 3930 285 3974 servato
302 3924 412 3980 διιέντος
429 3922 482 3987 (pro
499 3920 627 3984 διέντας),
643 3923 708 3984 quod
724 3922 797 3970 habet
813 3939 908 3986 quoque
925 3925 970 3972 eod
986 3941 1018 3973 στ
1035 3924 1102 3973 Dem.
1136 3922 1245 3986 Tempus
1262 3940 1328 3988 prae·

188 4020 244 4054 sens
260 4007 385 4065 propterea
401 4001 522 4064 praetuli,
539 4002 604 4064 quod
620 4016 649 4049 eo
659 4001 711 4062 ipso
723 4015 812 4062 poenes
823 4003 853 4050 de
870 4002 1059 4052 Atheniensibus
1067 4003 1173 4052 sumturi
1184 4009 1258 4053 erant
1268 4003 1328 4054 The·

189 4081 257 4140 bani,
274 4081 295 4130 si
306 4080 419 4143 Phiiippo
435 4079 566 4127 transitum
582 4077 763 4140 permitterent,
780 4083 823 4127 eut
840 4095 890 4128 una
906 4095 962 4128 oum
978 4096 1007 4128 eo
1019 4080 1127 4129 Atticam
1140 4081 1298 4133 invaderent.

223 4157 258 4224 (5)
292 4159 375 4219 Vulgo
401 4158 613 4216 συνεισβάλλειν,
637 4157 701 4220 quod
717 4157 812 4206 mutavi
827 4162 925 4219 propter
941 4163 1096 4221 sequentem,
1121 4160 1165 4223 qui
1181 4161 1208 4209 ἐπ
1226 4167 1328 4226 παραλ-

189 4238 272 4296 λήλου
297 4236 410 4300 ponitur,
433 4232 563 4285 norisium
605 4236 663 4283 Mox
680 4239 735 4296 post
752 4233 836 4285 δίοδον
854 4237 883 4284 de
899 4252 953 4285 meo
970 4237 1060 4286 inserui
1076 4239 1238 4288 neeessariam
1254 4242 1329 4304 parti·

189 4315 271 4365 culum
289 4332 323 4378 γε,

223 4393 259 4458 (6)
293 4390 417 4443 vocabule
435 4391 705 4457 ταύτης-πρεσβείας
722 4407 803 4441 errore
819 4391 907 4443 omissa
923 4393 950 4443 in
966 4395 1035 4445 Amb.
