<?xml version="1.0" encoding="UTF-8"?>
<!DOCTYPE html PUBLIC "-//W3C//DTD XHTML 1.0 Transitional//EN"
    "http://www.w3.org/TR/xhtml1/DTD/xhtml1-transitional.dtd">
<html xmlns="http://www.w3.org/1999/xhtml" xml:lang="en" lang="en">
 <head>
  <title>
</title>
<meta http-equiv="Content-Type" content="text/html;charset=utf-8" />
  <meta name='ocr-system' content='tesseract 3.04.00' />
  <meta name='ocr-capabilities' content='ocr_page ocr_carea ocr_par ocr_line ocrx_word'/>
</head>
<body>
  <div class='ocr_page' id='page_1' title='image "./dionysiihalicar00diongoog_0055.png"; bbox 0 0 2754 5018; ppageno 0'>
   <div class='ocr_carea' id='block_1_1' title="bbox 610 267 655 337">
    <p class='ocr_par' dir='ltr' id='par_1_1' title="bbox 610 267 655 337">
     <span class='ocr_line' id='line_1_1' title="bbox 610 267 655 337; baseline 0 0"><span class='ocrx_word' id='word_1_1' title='bbox 610 267 655 337; x_wconf 79' lang='lat'>27</span> 
     </span>
    </p>
   </div>
   <div class='ocr_carea' id='block_1_2' title="bbox 54 455 1196 545">
    <p class='ocr_par' dir='ltr' id='par_1_2' title="bbox 54 455 1196 545">
     <span class='ocr_line' id='line_1_2' title="bbox 54 455 1196 545; baseline -0.006 -18"><span class='ocrx_word' id='word_1_2' title='bbox 54 461 142 537; x_wconf 88' lang='grc' dir='ltr'>λους</span> <span class='ocrx_word' id='word_1_3' title='bbox 179 460 395 545; x_wconf 77' lang='grc' dir='ltr'>περιφράσεις,</span> <span class='ocrx_word' id='word_1_4' title='bbox 425 457 569 523; x_wconf 82' lang='grc' dir='ltr'>πλοῦτον</span> <span class='ocrx_word' id='word_1_5' title='bbox 592 461 761 541; x_wconf 80' lang='grc' dir='ltr'>ὀνομάτων</span> <span class='ocrx_word' id='word_1_6' title='bbox 784 457 1012 542; x_wconf 72' lang='grc' dir='ltr'>ἐπιδεικνυμένη</span> <span class='ocrx_word' id='word_1_7' title='bbox 1035 460 1138 523; x_wconf 91' lang='grc' dir='ltr'>κενόν·</span> <span class='ocrx_word' id='word_1_8' title='bbox 1158 455 1196 536; x_wconf 71' lang='grc' dir='ltr'>(ἐ)</span> 
     </span>
    </p>
   </div>
   <div class='ocr_carea' id='block_1_3' title="bbox 55 551 1200 2546">
    <p class='ocr_par' dir='ltr' id='par_1_3' title="bbox 55 551 1200 1647">
     <span class='ocr_line' id='line_1_3' title="bbox 55 551 1197 647; baseline -0.003 -22"><span class='ocrx_word' id='word_1_9' title='bbox 55 551 255 645; x_wconf 80' lang='grc' dir='ltr'>ὑπεριδοῦσά</span> <span class='ocrx_word' id='word_1_10' title='bbox 284 588 315 624; x_wconf 93' lang='grc' dir='ltr'>τε</span> <span class='ocrx_word' id='word_1_11' title='bbox 342 563 407 624; x_wconf 77' lang='grc' dir='ltr'>τῶν</span> <span class='ocrx_word' id='word_1_12' title='bbox 436 562 552 643; x_wconf 89' lang='grc' dir='ltr'>κυρίων</span> <span class='ocrx_word' id='word_1_13' title='bbox 576 561 633 623; x_wconf 82' lang='grc' dir='ltr'>κάν</span> <span class='ocrx_word' id='word_1_14' title='bbox 656 566 694 646; x_wconf 71' lang='grc' dir='ltr'>τῇ</span> <span class='ocrx_word' id='word_1_15' title='bbox 717 566 805 647; x_wconf 75' lang='grc' dir='ltr'>κοινῇ</span> <span class='ocrx_word' id='word_1_16' title='bbox 830 565 942 647; x_wconf 83' lang='grc' dir='ltr'>χρήσει</span> <span class='ocrx_word' id='word_1_17' title='bbox 965 563 1130 643; x_wconf 74' lang='grc' dir='ltr'>κειμένων,</span> <span class='ocrx_word' id='word_1_18' title='bbox 1159 558 1197 623; x_wconf 79' lang='grc' dir='ltr'>τά</span> 
     </span>
     <span class='ocr_line' id='line_1_4' title="bbox 55 656 1198 745; baseline -0.002 -21"><span class='ocrx_word' id='word_1_19' title='bbox 55 662 249 740; x_wconf 74' lang='grc' dir='ltr'>πεποιημένα</span> <span class='ocrx_word' id='word_1_20' title='bbox 274 659 359 733; x_wconf 70' lang='grc' dir='ltr'>ζητεῖ</span> <span class='ocrx_word' id='word_1_21' title='bbox 379 663 426 723; x_wconf 78' lang='grc' dir='ltr'>καὶ</span> <span class='ocrx_word' id='word_1_22' title='bbox 455 657 528 731; x_wconf 69' lang='grc' dir='ltr'>ξένα</span> <span class='ocrx_word' id='word_1_23' title='bbox 551 664 599 723; x_wconf 83' lang='grc' dir='ltr'>καὶ</span> <span class='ocrx_word' id='word_1_24' title='bbox 623 662 853 745; x_wconf 78' lang='grc' dir='ltr'>ἀρχαιοπρεπῆ.</span> <span class='ocrx_word' id='word_1_25' title='bbox 904 659 1050 725; x_wconf 78' lang='grc' dir='ltr'>Μάλιστα</span> <span class='ocrx_word' id='word_1_26' title='bbox 1075 656 1106 724; x_wconf 83' lang='grc' dir='ltr'>δέ</span> <span class='ocrx_word' id='word_1_27' title='bbox 1138 687 1198 744; x_wconf 85' lang='grc' dir='ltr'>χει·</span> 
     </span>
     <span class='ocr_line' id='line_1_5' title="bbox 55 759 1200 844; baseline -0.003 -19"><span class='ocrx_word' id='word_1_28' title='bbox 55 759 190 842; x_wconf 69' lang='grc' dir='ltr'>μάζεται</span> <span class='ocrx_word' id='word_1_29' title='bbox 221 765 290 844; x_wconf 80' lang='grc' dir='ltr'>περὶ</span> <span class='ocrx_word' id='word_1_30' title='bbox 323 761 382 835; x_wconf 85' lang='grc' dir='ltr'>τὴν</span> <span class='ocrx_word' id='word_1_31' title='bbox 414 761 567 843; x_wconf 86' lang='grc' dir='ltr'>τροπικὴν</span> <span class='ocrx_word' id='word_1_32' title='bbox 596 759 723 843; x_wconf 84' lang='grc' dir='ltr'>φράσιν.</span> <span class='ocrx_word' id='word_1_33' title='bbox 773 759 887 834; x_wconf 81' lang='grc' dir='ltr'>Πολλὴ</span> <span class='ocrx_word' id='word_1_34' title='bbox 910 765 967 841; x_wconf 84' lang='grc' dir='ltr'>μέν</span> <span class='ocrx_word' id='word_1_35' title='bbox 990 759 1053 844; x_wconf 75' lang='grc' dir='ltr'>γάρ</span> <span class='ocrx_word' id='word_1_36' title='bbox 1076 762 1109 823; x_wconf 85' lang='grc' dir='ltr'>ἐν</span> <span class='ocrx_word' id='word_1_37' title='bbox 1132 769 1200 832; x_wconf 88' lang='grc' dir='ltr'>τοῖς</span> 
     </span>
     <span class='ocr_line' id='line_1_6' title="bbox 55 856 1198 944; baseline -0.003 -19"><span class='ocrx_word' id='word_1_38' title='bbox 55 862 236 935; x_wconf 65' lang='grc' dir='ltr'>ἐπιθέτοις,</span> <span class='ocrx_word' id='word_1_39' title='bbox 259 860 387 944; x_wconf 85' lang='grc' dir='ltr'>άκαιρος</span> <span class='ocrx_word' id='word_1_40' title='bbox 411 856 437 924; x_wconf 87' lang='grc' dir='ltr'>δ’</span> <span class='ocrx_word' id='word_1_41' title='bbox 462 862 494 923; x_wconf 82' lang='grc' dir='ltr'>ἐν</span> <span class='ocrx_word' id='word_1_42' title='bbox 517 867 587 933; x_wconf 86' lang='grc' dir='ltr'>ταῖς</span> <span class='ocrx_word' id='word_1_43' title='bbox 609 863 815 942; x_wconf 83' lang='grc' dir='ltr'>μετωνυμίαις</span> <span class='ocrx_word' id='word_1_44' title='bbox 829 857 882 938; x_wconf 59' lang='grc' dir='ltr'>(ἳ),</span> <span class='ocrx_word' id='word_1_45' title='bbox 906 859 1029 944; x_wconf 78' lang='grc' dir='ltr'>σκληρά</span> <span class='ocrx_word' id='word_1_46' title='bbox 1047 856 1078 924; x_wconf 80' lang='grc' dir='ltr'>δὲ</span> <span class='ocrx_word' id='word_1_47' title='bbox 1095 865 1142 922; x_wconf 78' lang='grc' dir='ltr'>καὶ</span> <span class='ocrx_word' id='word_1_48' title='bbox 1160 859 1198 922; x_wconf 85' lang='grc' dir='ltr'>ού</span> 
     </span>
     <span class='ocr_line' id='line_1_7' title="bbox 56 957 1197 1045; baseline -0.003 -21"><span class='ocrx_word' id='word_1_49' title='bbox 56 959 211 1034; x_wconf 71' lang='grc' dir='ltr'>σώζουσα</span> <span class='ocrx_word' id='word_1_50' title='bbox 243 962 301 1034; x_wconf 89' lang='grc' dir='ltr'>τὴν</span> <span class='ocrx_word' id='word_1_51' title='bbox 328 958 509 1043; x_wconf 86' lang='grc' dir='ltr'>ιἰναλογίαν</span> <span class='ocrx_word' id='word_1_52' title='bbox 545 962 578 1023; x_wconf 89' lang='grc' dir='ltr'>ἐν</span> <span class='ocrx_word' id='word_1_53' title='bbox 609 969 678 1039; x_wconf 86' lang='grc' dir='ltr'>ταῖς</span> <span class='ocrx_word' id='word_1_54' title='bbox 700 968 892 1044; x_wconf 79' lang='grc' dir='ltr'>μεταφοραῖς</span> <span class='ocrx_word' id='word_1_55' title='bbox 917 963 1073 1045; x_wconf 85' lang='grc' dir='ltr'>γίγνεται·</span> <span class='ocrx_word' id='word_1_56' title='bbox 1098 957 1197 1034; x_wconf 80' lang='grc' dir='ltr'>άλλη·</span> 
     </span>
     <span class='ocr_line' id='line_1_8' title="bbox 55 1056 1199 1144; baseline -0.001 -21"><span class='ocrx_word' id='word_1_57' title='bbox 55 1063 178 1144; x_wconf 90' lang='grc' dir='ltr'>γορίας</span> <span class='ocrx_word' id='word_1_58' title='bbox 209 1086 240 1123; x_wconf 89' lang='grc' dir='ltr'>τε</span> <span class='ocrx_word' id='word_1_59' title='bbox 274 1057 503 1144; x_wconf 78' lang='grc' dir='ltr'>περιβάλλεται</span> <span class='ocrx_word' id='word_1_60' title='bbox 544 1057 665 1143; x_wconf 77' lang='grc' dir='ltr'>μακράς</span> <span class='ocrx_word' id='word_1_61' title='bbox 701 1062 748 1122; x_wconf 80' lang='grc' dir='ltr'>καὶ</span> <span class='ocrx_word' id='word_1_62' title='bbox 782 1058 912 1132; x_wconf 76' lang='grc' dir='ltr'>πολλάς</span> <span class='ocrx_word' id='word_1_63' title='bbox 931 1056 968 1138; x_wconf 66' lang='lat'>(7⁸)</span> <span class='ocrx_word' id='word_1_64' title='bbox 995 1057 1064 1122; x_wconf 82' lang='grc' dir='ltr'>οὔτε</span> <span class='ocrx_word' id='word_1_65' title='bbox 1086 1060 1199 1144; x_wconf 81' lang='grc' dir='ltr'>με’τρον</span> 
     </span>
     <span class='ocr_line' id='line_1_9' title="bbox 57 1156 1198 1244; baseline -0.002 -21"><span class='ocrx_word' id='word_1_66' title='bbox 57 1161 201 1244; x_wconf 87' lang='grc' dir='ltr'>ἐχούσας</span> <span class='ocrx_word' id='word_1_67' title='bbox 235 1156 304 1222; x_wconf 87' lang='grc' dir='ltr'>ούτε</span> <span class='ocrx_word' id='word_1_68' title='bbox 337 1160 466 1242; x_wconf 89' lang='grc' dir='ltr'>καιρόν·</span> <span class='ocrx_word' id='word_1_69' title='bbox 512 1162 655 1243; x_wconf 75' lang='grc' dir='ltr'>σχήμασί</span> <span class='ocrx_word' id='word_1_70' title='bbox 688 1186 718 1222; x_wconf 92' lang='grc' dir='ltr'>τε</span> <span class='ocrx_word' id='word_1_71' title='bbox 742 1166 915 1233; x_wconf 81' lang='grc' dir='ltr'>ποιητικοῖς</span> <span class='ocrx_word' id='word_1_72' title='bbox 940 1159 1078 1242; x_wconf 80' lang='grc' dir='ltr'>ἐσχάτην</span> <span class='ocrx_word' id='word_1_73' title='bbox 1100 1185 1198 1241; x_wconf 88' lang='grc' dir='ltr'>προσ-</span> 
     </span>
     <span class='ocr_line' id='line_1_10' title="bbox 55 1257 1199 1345; baseline -0.003 -20"><span class='ocrx_word' id='word_1_74' title='bbox 55 1258 248 1345; x_wconf 76' lang='grc' dir='ltr'>βάλλουσιν</span> <span class='ocrx_word' id='word_1_75' title='bbox 278 1257 409 1335; x_wconf 86' lang='grc' dir='ltr'>ιἰηδίιιν,</span> <span class='ocrx_word' id='word_1_76' title='bbox 444 1264 492 1324; x_wconf 81' lang='grc' dir='ltr'>καὶ</span> <span class='ocrx_word' id='word_1_77' title='bbox 518 1260 655 1340; x_wconf 86' lang='grc' dir='ltr'>μάλιστα</span> <span class='ocrx_word' id='word_1_78' title='bbox 679 1268 748 1338; x_wconf 83' lang='grc' dir='ltr'>τοῖς</span> <span class='ocrx_word' id='word_1_79' title='bbox 773 1263 949 1344; x_wconf 79' lang='grc' dir='ltr'>Γοργιείοις</span> <span class='ocrx_word' id='word_1_80' title='bbox 969 1257 1028 1338; x_wconf 69' lang='grc'>(4),</span> <span class='ocrx_word' id='word_1_81' title='bbox 1061 1260 1199 1343; x_wconf 79' lang='grc' dir='ltr'>ἀκαίρως</span> 
     </span>
     <span class='ocr_line' id='line_1_11' title="bbox 57 1356 1199 1446; baseline -0.001 -21"><span class='ocrx_word' id='word_1_82' title='bbox 57 1365 109 1425; x_wconf 80' lang='grc' dir='ltr'>καὶ</span> <span class='ocrx_word' id='word_1_83' title='bbox 144 1358 352 1445; x_wconf 68' lang='grc' dir='ltr'>μειρακιωδῶς</span> <span class='ocrx_word' id='word_1_84' title='bbox 386 1358 611 1446; x_wconf 77' lang='grc' dir='ltr'>ἐναβρύνεται·</span> <span class='ocrx_word' id='word_1_85' title='bbox 647 1366 695 1425; x_wconf 79' lang='grc' dir='ltr'>καὶ</span> <span class='ocrx_word' id='word_1_86' title='bbox 719 1359 907 1427; x_wconf 84' lang='grc' dir='ltr'>πολυτέλειά</span> <span class='ocrx_word' id='word_1_87' title='bbox 930 1389 977 1434; x_wconf 91' lang='grc' dir='ltr'>τις</span> <span class='ocrx_word' id='word_1_88' title='bbox 994 1356 1031 1438; x_wconf 72' lang='grc' dir='ltr'>(ἷῑ)</span> <span class='ocrx_word' id='word_1_89' title='bbox 1057 1360 1141 1424; x_wconf 80' lang='grc' dir='ltr'>’ἐστιν</span> <span class='ocrx_word' id='word_1_90' title='bbox 1166 1364 1199 1424; x_wconf 84' lang='grc' dir='ltr'>ἐν</span> 
     </span>
     <span class='ocr_line' id='line_1_12' title="bbox 56 1460 1199 1547; baseline -0.002 -21"><span class='ocrx_word' id='word_1_91' title='bbox 56 1471 130 1538; x_wconf 84' lang='grc' dir='ltr'>τοῖς</span> <span class='ocrx_word' id='word_1_92' title='bbox 151 1464 307 1536; x_wconf 87' lang='grc' dir='ltr'>τοιούτοις</span> <span class='ocrx_word' id='word_1_93' title='bbox 330 1463 403 1547; x_wconf 78' lang='grc' dir='ltr'>παρ’</span> <span class='ocrx_word' id='word_1_94' title='bbox 426 1463 531 1545; x_wconf 69' lang='grc' dir='ltr'>αὐτῷ,</span> <span class='ocrx_word' id='word_1_95' title='bbox 555 1463 598 1538; x_wconf 87' lang='grc' dir='ltr'>ὡς</span> <span class='ocrx_word' id='word_1_96' title='bbox 622 1467 670 1527; x_wconf 81' lang='grc' dir='ltr'>καὶ</span> <span class='ocrx_word' id='word_1_97' title='bbox 689 1465 869 1547; x_wconf 77' lang='grc' dir='ltr'>Δημήτριος</span> <span class='ocrx_word' id='word_1_98' title='bbox 886 1466 903 1526; x_wconf 90' lang='grc' dir='ltr'>ὁ</span> <span class='ocrx_word' id='word_1_99' title='bbox 922 1460 1087 1546; x_wconf 83' lang='grc' dir='ltr'>Φαληρεὺς</span> <span class='ocrx_word' id='word_1_100' title='bbox 1101 1460 1199 1544; x_wconf 74' lang='grc' dir='ltr'>εἴρηκέ</span> 
     </span>
     <span class='ocr_line' id='line_1_13' title="bbox 59 1558 1198 1647; baseline -0.005 -19"><span class='ocrx_word' id='word_1_101' title='bbox 59 1592 144 1639; x_wconf 91' lang='grc' dir='ltr'>που,</span> <span class='ocrx_word' id='word_1_102' title='bbox 172 1567 220 1627; x_wconf 81' lang='grc' dir='ltr'>καὶ</span> <span class='ocrx_word' id='word_1_103' title='bbox 249 1561 346 1626; x_wconf 77' lang='grc' dir='ltr'>ἄλλοι</span> <span class='ocrx_word' id='word_1_104' title='bbox 362 1568 476 1647; x_wconf 75' lang='grc' dir='ltr'>συχνο)</span> <span class='ocrx_word' id='word_1_105' title='bbox 494 1565 651 1646; x_wconf 87' lang='grc' dir='ltr'>πρότερον</span> <span class='ocrx_word' id='word_1_106' title='bbox 670 1558 727 1637; x_wconf 80' lang='grc'>(6)·</span> <span class='ocrx_word' id='word_1_107' title='bbox 744 1563 789 1625; x_wconf 86' lang='grc' dir='ltr'>ού</span> <span class='ocrx_word' id='word_1_108' title='bbox 812 1561 874 1647; x_wconf 77' lang='grc' dir='ltr'>γάρ</span> <span class='ocrx_word' id='word_1_109' title='bbox 898 1563 989 1641; x_wconf 84' lang='grc' dir='ltr'>ἐμὸς</span> <span class='ocrx_word' id='word_1_110' title='bbox 1013 1564 1031 1625; x_wconf 87' lang='grc' dir='ltr'>ὁ</span> <span class='ocrx_word' id='word_1_111' title='bbox 1053 1563 1198 1640; x_wconf 62' lang='grc' dir='ltr'>μῦθος.</span> 
     </span>
    </p>

    <p class='ocr_par' dir='ltr' id='par_1_4' title="bbox 58 1659 1199 2546">
     <span class='ocr_line' id='line_1_14' title="bbox 107 1659 1197 1747; baseline -0.003 -21"><span class='ocrx_word' id='word_1_112' title='bbox 107 1659 226 1740; x_wconf 70' lang='grc' dir='ltr'>Μηδεὶς</span> <span class='ocrx_word' id='word_1_113' title='bbox 253 1659 286 1726; x_wconf 79' lang='grc' dir='ltr'>δέ</span> <span class='ocrx_word' id='word_1_114' title='bbox 317 1690 352 1742; x_wconf 91' lang='grc' dir='ltr'>με</span> <span class='ocrx_word' id='word_1_115' title='bbox 385 1662 476 1727; x_wconf 67' lang='grc' dir='ltr'>ταῦθ’</span> <span class='ocrx_word' id='word_1_116' title='bbox 500 1664 640 1746; x_wconf 67' lang='grc' dir='ltr'>ἡγείσθω</span> <span class='ocrx_word' id='word_1_117' title='bbox 659 1659 698 1739; x_wconf 81' lang='grc'>(7)</span> <span class='ocrx_word' id='word_1_118' title='bbox 723 1660 829 1747; x_wconf 79' lang='grc' dir='ltr'>λέγειν</span> <span class='ocrx_word' id='word_1_119' title='bbox 853 1663 981 1736; x_wconf 80' lang='grc' dir='ltr'>ἁπάσης</span> <span class='ocrx_word' id='word_1_120' title='bbox 1003 1660 1197 1744; x_wconf 85' lang='grc' dir='ltr'>καταγιγνώ-</span> 
     </span>
     <span class='ocr_line' id='line_1_15' title="bbox 60 1757 1198 1846; baseline -0.003 -20"><span class='ocrx_word' id='word_1_121' title='bbox 60 1789 180 1826; x_wconf 88' lang='grc' dir='ltr'>σκοντα</span> <span class='ocrx_word' id='word_1_122' title='bbox 199 1761 238 1838; x_wconf 70' lang='grc' dir='ltr'>(δ)</span> <span class='ocrx_word' id='word_1_123' title='bbox 288 1771 344 1835; x_wconf 82' lang='grc' dir='ltr'>τῆς</span> <span class='ocrx_word' id='word_1_124' title='bbox 389 1764 616 1846; x_wconf 78' lang='grc' dir='ltr'>ἐγκατασκεύου</span> <span class='ocrx_word' id='word_1_125' title='bbox 651 1765 699 1824; x_wconf 81' lang='grc' dir='ltr'>καὶ</span> <span class='ocrx_word' id='word_1_126' title='bbox 738 1759 980 1845; x_wconf 73' lang='grc' dir='ltr'>ἐξηλλαγμένης</span> <span class='ocrx_word' id='word_1_127' title='bbox 1014 1757 1147 1836; x_wconf 69' lang='grc' dir='ltr'>λέξεως,</span> <span class='ocrx_word' id='word_1_128' title='bbox 1181 1757 1198 1843; x_wconf 76' lang='grc' dir='ltr'>ι)</span> 
     </span>
     <span class='ocr_line' id='line_1_16' title="bbox 60 1855 1197 1946; baseline -0.005 -19"><span class='ocrx_word' id='word_1_129' title='bbox 60 1864 207 1946; x_wconf 71' lang='grc' dir='ltr'>κέχρηται</span> <span class='ocrx_word' id='word_1_130' title='bbox 244 1859 381 1924; x_wconf 88' lang='grc' dir='ltr'>Πλάτων</span> <span class='ocrx_word' id='word_1_131' title='bbox 400 1857 464 1937; x_wconf 82' lang='grc'>(9)·</span> <span class='ocrx_word' id='word_1_132' title='bbox 502 1861 552 1941; x_wconf 80' lang='grc' dir='ltr'>(μὴ</span> <span class='ocrx_word' id='word_1_133' title='bbox 586 1860 649 1944; x_wconf 79' lang='grc' dir='ltr'>γὰρ</span> <span class='ocrx_word' id='word_1_134' title='bbox 673 1858 756 1923; x_wconf 76' lang='grc' dir='ltr'>οὕτω</span> <span class='ocrx_word' id='word_1_135' title='bbox 779 1862 886 1937; x_wconf 86' lang='grc' dir='ltr'>σκαιὸς</span> <span class='ocrx_word' id='word_1_136' title='bbox 908 1855 979 1942; x_wconf 85' lang='grc' dir='ltr'>μηδ’</span> <span class='ocrx_word' id='word_1_137' title='bbox 1003 1858 1197 1934; x_wconf 68' lang='grc' dir='ltr'>ἀναίσθητος</span> 
     </span>
     <span class='ocr_line' id='line_1_17' title="bbox 60 1956 1198 2045; baseline -0.005 -19"><span class='ocrx_word' id='word_1_138' title='bbox 60 1964 123 2045; x_wconf 82' lang='grc' dir='ltr'>ἐγὼ</span> <span class='ocrx_word' id='word_1_139' title='bbox 147 1965 320 2044; x_wconf 87' lang='grc' dir='ltr'>γενοίμην,</span> <span class='ocrx_word' id='word_1_140' title='bbox 343 1960 421 2034; x_wconf 78' lang='grc' dir='ltr'>ὥςτε</span> <span class='ocrx_word' id='word_1_141' title='bbox 444 1961 560 2031; x_wconf 89' lang='grc' dir='ltr'>ταύτην</span> <span class='ocrx_word' id='word_1_142' title='bbox 582 1961 640 2033; x_wconf 82' lang='grc' dir='ltr'>τὴν</span> <span class='ocrx_word' id='word_1_143' title='bbox 663 1956 762 2031; x_wconf 69' lang='grc' dir='ltr'>δόξαν</span> <span class='ocrx_word' id='word_1_144' title='bbox 785 1964 854 2044; x_wconf 82' lang='grc' dir='ltr'>περὶ</span> <span class='ocrx_word' id='word_1_145' title='bbox 876 1956 996 2040; x_wconf 82' lang='grc' dir='ltr'>ἀνδρὸς</span> <span class='ocrx_word' id='word_1_146' title='bbox 1011 1957 1198 2031; x_wconf 76' lang='grc' dir='ltr'>τηλικούτου</span> 
     </span>
     <span class='ocr_line' id='line_1_18' title="bbox 60 2057 1196 2145; baseline -0.003 -20"><span class='ocrx_word' id='word_1_147' title='bbox 60 2058 196 2145; x_wconf 80' lang='grc' dir='ltr'>λαβεῖν·</span> <span class='ocrx_word' id='word_1_148' title='bbox 229 2062 291 2124; x_wconf 84' lang='grc' dir='ltr'>ἐπεὶ</span> <span class='ocrx_word' id='word_1_149' title='bbox 323 2058 433 2123; x_wconf 78' lang='grc' dir='ltr'>πολλὰ</span> <span class='ocrx_word' id='word_1_150' title='bbox 467 2064 515 2123; x_wconf 77' lang='grc' dir='ltr'>καὶ</span> <span class='ocrx_word' id='word_1_151' title='bbox 549 2064 618 2143; x_wconf 81' lang='grc' dir='ltr'>περὶ</span> <span class='ocrx_word' id='word_1_152' title='bbox 650 2059 786 2124; x_wconf 78' lang='grc' dir='ltr'>πολλῶν</span> <span class='ocrx_word' id='word_1_153' title='bbox 810 2057 880 2124; x_wconf 79' lang='grc' dir='ltr'>οἶδα</span> <span class='ocrx_word' id='word_1_154' title='bbox 902 2059 1027 2144; x_wconf 86' lang='grc' dir='ltr'>μεγάλα</span> <span class='ocrx_word' id='word_1_155' title='bbox 1050 2063 1097 2122; x_wconf 78' lang='grc' dir='ltr'>καὶ</span> <span class='ocrx_word' id='word_1_156' title='bbox 1121 2063 1196 2123; x_wconf 60' lang='grc' dir='ltr'>δαν·</span> 
     </span>
     <span class='ocr_line' id='line_1_19' title="bbox 58 2157 1196 2245; baseline -0.004 -19"><span class='ocrx_word' id='word_1_157' title='bbox 58 2163 163 2245; x_wconf 85' lang='grc' dir='ltr'>μαστὰ</span> <span class='ocrx_word' id='word_1_158' title='bbox 197 2160 278 2225; x_wconf 81' lang='grc' dir='ltr'>κάπὸ</span> <span class='ocrx_word' id='word_1_159' title='bbox 311 2171 366 2236; x_wconf 77' lang='grc' dir='ltr'>τῆς</span> <span class='ocrx_word' id='word_1_160' title='bbox 401 2161 499 2244; x_wconf 84' lang='grc' dir='ltr'>άκρας</span> <span class='ocrx_word' id='word_1_161' title='bbox 534 2157 693 2241; x_wconf 88' lang='grc' dir='ltr'>δυνάμεως</span> <span class='ocrx_word' id='word_1_162' title='bbox 724 2158 946 2244; x_wconf 77' lang='grc' dir='ltr'>ἐξενηνεγμένα</span> <span class='ocrx_word' id='word_1_163' title='bbox 981 2159 1035 2223; x_wconf 83' lang='grc' dir='ltr'>ὑπ’</span> <span class='ocrx_word' id='word_1_164' title='bbox 1067 2159 1196 2237; x_wconf 68' lang='grc' dir='ltr'>αὐτοῦ)</span> 
     </span>
     <span class='ocr_line' id='line_1_20' title="bbox 61 2257 1199 2344; baseline -0.004 -19"><span class='ocrx_word' id='word_1_165' title='bbox 61 2259 138 2326; x_wconf 79' lang='grc' dir='ltr'>ἀλλ’</span> <span class='ocrx_word' id='word_1_166' title='bbox 163 2263 259 2324; x_wconf 87' lang='grc' dir='ltr'>ἐκεῖνο</span> <span class='ocrx_word' id='word_1_167' title='bbox 282 2257 479 2333; x_wconf 61' lang='grc' dir='ltr'>ἐνδείξασθαι</span> <span class='ocrx_word' id='word_1_168' title='bbox 501 2257 708 2344; x_wconf 80' lang='grc' dir='ltr'>βουλόμενον</span> <span class='ocrx_word' id='word_1_169' title='bbox 729 2262 831 2338; x_wconf 86' lang='grc' dir='ltr'>μόνον</span> <span class='ocrx_word' id='word_1_170' title='bbox 850 2257 926 2337; x_wconf 67' lang='lat' dir='ltr'>(lli),</span> <span class='ocrx_word' id='word_1_171' title='bbox 950 2262 997 2323; x_wconf 84' lang='grc' dir='ltr'>ὅτι</span> <span class='ocrx_word' id='word_1_172' title='bbox 1020 2257 1058 2322; x_wconf 78' lang='grc' dir='ltr'>τά</span> <span class='ocrx_word' id='word_1_173' title='bbox 1079 2257 1199 2321; x_wconf 63' lang='grc' dir='ltr'>τοιαῦθ’</span> 
     </span>
     <span class='ocr_line' id='line_1_21' title="bbox 62 2350 1198 2445; baseline -0.003 -23"><span class='ocrx_word' id='word_1_174' title='bbox 62 2350 266 2445; x_wconf 74' lang='grc' dir='ltr'>ἁμαρτήματα</span> <span class='ocrx_word' id='word_1_175' title='bbox 289 2362 322 2423; x_wconf 89' lang='grc' dir='ltr'>ἐν</span> <span class='ocrx_word' id='word_1_176' title='bbox 345 2371 413 2434; x_wconf 83' lang='grc' dir='ltr'>ταῖς</span> <span class='ocrx_word' id='word_1_177' title='bbox 437 2368 638 2436; x_wconf 84' lang='grc' dir='ltr'>κατασκευαῖς</span> <span class='ocrx_word' id='word_1_178' title='bbox 661 2360 769 2424; x_wconf 61' lang='grc' dir='ltr'>εἴωθεν</span> <span class='ocrx_word' id='word_1_179' title='bbox 785 2357 991 2444; x_wconf 82' lang='grc' dir='ltr'>ἁμαρτάνειν·</span> <span class='ocrx_word' id='word_1_180' title='bbox 1017 2362 1064 2423; x_wconf 75' lang='grc' dir='ltr'>καὶ</span> <span class='ocrx_word' id='word_1_181' title='bbox 1082 2360 1198 2442; x_wconf 84' lang='grc' dir='ltr'>χείρων</span> 
     </span>
     <span class='ocr_line' id='line_1_22' title="bbox 62 2456 1198 2546; baseline -0.004 -19"><span class='ocrx_word' id='word_1_182' title='bbox 62 2468 120 2546; x_wconf 78' lang='grc' dir='ltr'>μὲν</span> <span class='ocrx_word' id='word_1_183' title='bbox 143 2462 242 2534; x_wconf 78' lang='grc' dir='ltr'>αὐτὸς</span> <span class='ocrx_word' id='word_1_184' title='bbox 265 2461 362 2524; x_wconf 79' lang='grc' dir='ltr'>αὑτοῦ</span> <span class='ocrx_word' id='word_1_185' title='bbox 380 2456 440 2537; x_wconf 80' lang='grc' dir='ltr'>(Η)</span> <span class='ocrx_word' id='word_1_186' title='bbox 465 2464 624 2544; x_wconf 86' lang='grc' dir='ltr'>γίγνεται,</span> <span class='ocrx_word' id='word_1_187' title='bbox 646 2464 723 2525; x_wconf 85' lang='grc' dir='ltr'>ὅταν</span> <span class='ocrx_word' id='word_1_188' title='bbox 746 2462 782 2524; x_wconf 83' lang='grc' dir='ltr'>τὸ</span> <span class='ocrx_word' id='word_1_189' title='bbox 804 2464 884 2545; x_wconf 79' lang='grc' dir='ltr'>μέγα</span> <span class='ocrx_word' id='word_1_190' title='bbox 907 2456 1000 2544; x_wconf 73' lang='grc' dir='ltr'>διώκῃ</span> <span class='ocrx_word' id='word_1_191' title='bbox 1026 2463 1074 2524; x_wconf 78' lang='grc' dir='ltr'>καὶ</span> <span class='ocrx_word' id='word_1_192' title='bbox 1097 2485 1198 2543; x_wconf 86' lang='grc' dir='ltr'>περιτ-</span> 
     </span>
    </p>
   </div>
   <div class='ocr_carea' id='block_1_4' title="bbox 23 2664 1201 4454">
    <p class='ocr_par' dir='ltr' id='par_1_5' title="bbox 61 2664 1197 2806">
     <span class='ocr_line' id='line_1_23' title="bbox 91 2664 1197 2729; baseline 0 -16"><span class='ocrx_word' id='word_1_193' title='bbox 91 2665 130 2729; x_wconf 90' lang='grc'>(1)</span> <span class='ocrx_word' id='word_1_194' title='bbox 166 2665 240 2714; x_wconf 78' lang='grc' dir='ltr'>κενόν</span> <span class='ocrx_word' id='word_1_195' title='bbox 256 2665 320 2713; x_wconf 85' lang='lat' dir='ltr'>mnle</span> <span class='ocrx_word' id='word_1_196' title='bbox 336 2680 382 2714; x_wconf 83' lang='lat' dir='ltr'>orn</span> <span class='ocrx_word' id='word_1_197' title='bbox 399 2664 521 2725; x_wconf 73' lang='lat' dir='ltr'>Ambron,</span> <span class='ocrx_word' id='word_1_198' title='bbox 538 2681 581 2713; x_wconf 83' lang='lat' dir='ltr'>nec</span> <span class='ocrx_word' id='word_1_199' title='bbox 597 2665 684 2713; x_wconf 83' lang='lat' dir='ltr'>melius</span> <span class='ocrx_word' id='word_1_200' title='bbox 700 2680 757 2713; x_wconf 82' lang='lat' dir='ltr'>mox</span> <span class='ocrx_word' id='word_1_201' title='bbox 773 2668 828 2727; x_wconf 84' lang='lat' dir='ltr'>post</span> <span class='ocrx_word' id='word_1_202' title='bbox 845 2665 938 2727; x_wconf 82' lang='grc' dir='ltr'>κυρίων</span> <span class='ocrx_word' id='word_1_203' title='bbox 946 2665 1044 2726; x_wconf 76' lang='lat' dir='ltr'>supplet</span> <span class='ocrx_word' id='word_1_204' title='bbox 1055 2664 1197 2728; x_wconf 81' lang='grc' dir='ltr'>ὀνομάτων.</span> 
     </span>
     <span class='ocr_line' id='line_1_24' title="bbox 61 2741 913 2806; baseline -0.004 -14"><span class='ocrx_word' id='word_1_205' title='bbox 61 2742 158 2792; x_wconf 79' lang='lat' dir='ltr'>Contra</span> <span class='ocrx_word' id='word_1_206' title='bbox 175 2742 225 2790; x_wconf 66' lang='lat' dir='ltr'>cod„</span> <span class='ocrx_word' id='word_1_207' title='bbox 242 2741 317 2790; x_wconf 76' lang='lat' dir='ltr'>Paris.</span> <span class='ocrx_word' id='word_1_208' title='bbox 335 2758 381 2791; x_wconf 87' lang='lat' dir='ltr'>om.</span> <span class='ocrx_word' id='word_1_209' title='bbox 399 2743 479 2792; x_wconf 81' lang='lat' dir='ltr'>vooab¹</span> <span class='ocrx_word' id='word_1_210' title='bbox 498 2743 654 2806; x_wconf 63' lang='grc' dir='ltr'>ὑπεριδοῦσά</span> <span class='ocrx_word' id='word_1_211' title='bbox 670 2760 704 2790; x_wconf 82' lang='grc' dir='ltr'>τε.</span> <span class='ocrx_word' id='word_1_212' title='bbox 910 2746 913 2750; x_wconf 89' lang='grc'><strong>’</strong></span> 
     </span>
    </p>

    <p class='ocr_par' dir='ltr' id='par_1_6' title="bbox 94 2818 1060 2884">
     <span class='ocr_line' id='line_1_25' title="bbox 94 2818 1060 2884; baseline 0 -16"><span class='ocrx_word' id='word_1_213' title='bbox 94 2821 131 2884; x_wconf 80' lang='grc'>(2)</span> <span class='ocrx_word' id='word_1_214' title='bbox 168 2819 209 2869; x_wconf 82' lang='lat' dir='ltr'>lta</span> <span class='ocrx_word' id='word_1_215' title='bbox 225 2819 280 2882; x_wconf 84' lang='lat' dir='ltr'>lego</span> <span class='ocrx_word' id='word_1_216' title='bbox 297 2834 353 2868; x_wconf 88' lang='lat' dir='ltr'>oum</span> <span class='ocrx_word' id='word_1_217' title='bbox 369 2821 496 2883; x_wconf 80' lang='lat' dir='ltr'>Kruogoro</span> <span class='ocrx_word' id='word_1_218' title='bbox 513 2836 556 2883; x_wconf 90' lang='lat' dir='ltr'>pro</span> <span class='ocrx_word' id='word_1_219' title='bbox 573 2822 727 2884; x_wconf 76' lang='grc' dir='ltr'>ἐπωνυμίαις</span> <span class='ocrx_word' id='word_1_220' title='bbox 744 2835 757 2867; x_wconf 87' lang='lat' dir='ltr'>o</span> <span class='ocrx_word' id='word_1_221' title='bbox 773 2821 912 2868; x_wconf 77' lang='lat' dir='ltr'>coniectura</span> <span class='ocrx_word' id='word_1_222' title='bbox 928 2818 1060 2883; x_wconf 83' lang='lat' dir='ltr'>Sylburgii.</span> 
     </span>
    </p>

    <p class='ocr_par' dir='ltr' id='par_1_7' title="bbox 93 2896 874 2961">
     <span class='ocr_line' id='line_1_26' title="bbox 93 2896 874 2961; baseline 0.003 -17"><span class='ocrx_word' id='word_1_223' title='bbox 93 2897 129 2961; x_wconf 81' lang='lat'>(3)</span> <span class='ocrx_word' id='word_1_224' title='bbox 166 2896 288 2945; x_wconf 76' lang='lat' dir='ltr'>Usitatior</span> <span class='ocrx_word' id='word_1_225' title='bbox 304 2899 362 2946; x_wconf 90' lang='lat' dir='ltr'>ordo</span> <span class='ocrx_word' id='word_1_226' title='bbox 379 2898 507 2946; x_wconf 82' lang='lat' dir='ltr'>verborum</span> <span class='ocrx_word' id='word_1_227' title='bbox 523 2902 570 2947; x_wconf 80' lang='lat' dir='ltr'>est:</span> <span class='ocrx_word' id='word_1_228' title='bbox 588 2901 691 2955; x_wconf 85' lang='grc' dir='ltr'>πολλὰς</span> <span class='ocrx_word' id='word_1_229' title='bbox 708 2899 750 2946; x_wconf 74' lang='grc' dir='ltr'>καὶ</span> <span class='ocrx_word' id='word_1_230' title='bbox 767 2899 874 2960; x_wconf 81' lang='grc' dir='ltr'>μακράς.</span> 
     </span>
    </p>

    <p class='ocr_par' dir='ltr' id='par_1_8' title="bbox 23 2972 1197 3117">
     <span class='ocr_line' id='line_1_27' title="bbox 94 2972 1197 3040; baseline 0 -18"><span class='ocrx_word' id='word_1_231' title='bbox 94 2976 132 3040; x_wconf 87' lang='grc'>(4)</span> <span class='ocrx_word' id='word_1_232' title='bbox 168 2973 250 3036; x_wconf 81' lang='lat' dir='ltr'>Vulgo</span> <span class='ocrx_word' id='word_1_233' title='bbox 266 2980 377 3038; x_wconf 79' lang='lat' dir='ltr'>corrupte</span> <span class='ocrx_word' id='word_1_234' title='bbox 395 2979 536 3040; x_wconf 71' lang='grc' dir='ltr'>Γοργείοις,</span> <span class='ocrx_word' id='word_1_235' title='bbox 559 2976 625 3039; x_wconf 87' lang='lat' dir='ltr'>quod</span> <span class='ocrx_word' id='word_1_236' title='bbox 640 2976 749 3025; x_wconf 85' lang='lat' dir='ltr'>eiusdem</span> <span class='ocrx_word' id='word_1_237' title='bbox 766 2974 859 3024; x_wconf 77' lang='lat' dir='ltr'>farinae</span> <span class='ocrx_word' id='word_1_238' title='bbox 876 2978 913 3022; x_wconf 83' lang='lat' dir='ltr'>est</span> <span class='ocrx_word' id='word_1_239' title='bbox 929 2990 957 3023; x_wconf 81' lang='lat' dir='ltr'>ao</span> <span class='ocrx_word' id='word_1_240' title='bbox 974 2975 1091 3034; x_wconf 79' lang='grc' dir='ltr'>Λύσειος,</span> <span class='ocrx_word' id='word_1_241' title='bbox 1108 2972 1197 3037; x_wconf 77' lang='grc' dir='ltr'>ὑγεία,</span> 
     </span>
     <span class='ocr_line' id='line_1_28' title="bbox 23 3052 293 3117; baseline 0 -14"><span class='ocrx_word' id='word_1_242' title='bbox 23 3052 35 3077; x_wconf 72' lang='grc'><em>“</em></span> <span class='ocrx_word' id='word_1_243' title='bbox 56 3055 182 3117; x_wconf 83' lang='grc' dir='ltr'>ταμεῖον,</span> <span class='ocrx_word' id='word_1_244' title='bbox 199 3052 293 3103; x_wconf 78' lang='lat' dir='ltr'><strong>similia.</strong></span> 
     </span>
    </p>

    <p class='ocr_par' dir='ltr' id='par_1_9' title="bbox 92 3130 517 3196">
     <span class='ocr_line' id='line_1_29' title="bbox 92 3130 517 3196; baseline 0.009 -17"><span class='ocrx_word' id='word_1_245' title='bbox 92 3133 133 3196; x_wconf 82' lang='lat'>(5)</span> <span class='ocrx_word' id='word_1_246' title='bbox 169 3133 253 3188; x_wconf 75' lang='grc' dir='ltr'>πολύς</span> <span class='ocrx_word' id='word_1_247' title='bbox 269 3133 283 3181; x_wconf 79' lang='grc' dir='ltr'>ὁ</span> <span class='ocrx_word' id='word_1_248' title='bbox 300 3134 405 3191; x_wconf 79' lang='grc' dir='ltr'>τελετής</span> <span class='ocrx_word' id='word_1_249' title='bbox 422 3133 474 3184; x_wconf 80' lang='lat' dir='ltr'>cod.</span> <span class='ocrx_word' id='word_1_250' title='bbox 490 3130 517 3183; x_wconf 86' lang='lat' dir='ltr'>P.</span> 
     </span>
    </p>

    <p class='ocr_par' dir='ltr' id='par_1_10' title="bbox 58 3204 1201 3417">
     <span class='ocr_line' id='line_1_30' title="bbox 93 3204 1199 3273; baseline -0.002 -17"><span class='ocrx_word' id='word_1_251' title='bbox 93 3208 134 3271; x_wconf 90' lang='grc'>(6)</span> <span class='ocrx_word' id='word_1_252' title='bbox 169 3206 201 3256; x_wconf 91' lang='lat' dir='ltr'>In</span> <span class='ocrx_word' id='word_1_253' title='bbox 227 3209 295 3257; x_wconf 90' lang='lat' dir='ltr'>oodd.</span> <span class='ocrx_word' id='word_1_254' title='bbox 313 3210 456 3273; x_wconf 83' lang='lat' dir='ltr'>quibusdam</span> <span class='ocrx_word' id='word_1_255' title='bbox 477 3209 517 3257; x_wconf 84' lang='lat' dir='ltr'>hio</span> <span class='ocrx_word' id='word_1_256' title='bbox 533 3210 608 3258; x_wconf 80' lang='lat' dir='ltr'>inseri</span> <span class='ocrx_word' id='word_1_257' title='bbox 625 3211 753 3272; x_wconf 81' lang='grc' dir='ltr'>πρότερον</span> <span class='ocrx_word' id='word_1_258' title='bbox 769 3208 851 3256; x_wconf 79' lang='lat' dir='ltr'>adnot.</span> <span class='ocrx_word' id='word_1_259' title='bbox 870 3207 951 3269; x_wconf 82' lang='lat' dir='ltr'>Steph.</span> <span class='ocrx_word' id='word_1_260' title='bbox 984 3204 1058 3260; x_wconf 83' lang='lat' dir='ltr'>Quod</span> <span class='ocrx_word' id='word_1_261' title='bbox 1074 3221 1149 3270; x_wconf 88' lang='lat' dir='ltr'>quum</span> <span class='ocrx_word' id='word_1_262' title='bbox 1164 3205 1199 3254; x_wconf 87' lang='lat' dir='ltr'>le·</span> 
     </span>
     <span class='ocr_line' id='line_1_31' title="bbox 58 3284 1201 3350; baseline -0.001 -15"><span class='ocrx_word' id='word_1_263' title='bbox 58 3293 138 3350; x_wconf 75' lang='lat' dir='ltr'>gutur</span> <span class='ocrx_word' id='word_1_264' title='bbox 161 3285 234 3335; x_wconf 82' lang='lat' dir='ltr'>etiam</span> <span class='ocrx_word' id='word_1_265' title='bbox 259 3286 285 3333; x_wconf 93' lang='lat' dir='ltr'>in</span> <span class='ocrx_word' id='word_1_266' title='bbox 309 3286 350 3334; x_wconf 89' lang='lat' dir='ltr'>lib.</span> <span class='ocrx_word' id='word_1_267' title='bbox 377 3287 407 3335; x_wconf 90' lang='lat' dir='ltr'>de</span> <span class='ocrx_word' id='word_1_268' title='bbox 431 3284 559 3338; x_wconf 87' lang='lat' dir='ltr'>Demosth.</span> <span class='ocrx_word' id='word_1_269' title='bbox 583 3288 616 3339; x_wconf 87' lang='lat' dir='ltr'>l.l.</span> <span class='ocrx_word' id='word_1_270' title='bbox 632 3288 708 3349; x_wconf 88' lang='lat' dir='ltr'>probo</span> <span class='ocrx_word' id='word_1_271' title='bbox 726 3286 846 3348; x_wconf 83' lang='lat' dir='ltr'>Kruegeri</span> <span class='ocrx_word' id='word_1_272' title='bbox 861 3285 950 3347; x_wconf 81' lang='lat' dir='ltr'>crisin,</span> <span class='ocrx_word' id='word_1_273' title='bbox 969 3285 1009 3333; x_wconf 86' lang='lat' dir='ltr'>hio</span> <span class='ocrx_word' id='word_1_274' title='bbox 1024 3299 1120 3348; x_wconf 85' lang='lat' dir='ltr'>quoque</span> <span class='ocrx_word' id='word_1_275' title='bbox 1136 3285 1201 3334; x_wconf 83' lang='lat' dir='ltr'>idem</span> 
     </span>
     <span class='ocr_line' id='line_1_32' title="bbox 59 3367 742 3417; baseline -0.004 0"><span class='ocrx_word' id='word_1_276' title='bbox 59 3367 210 3417; x_wconf 80' lang='lat' dir='ltr'>vocabulum</span> <span class='ocrx_word' id='word_1_277' title='bbox 226 3369 360 3416; x_wconf 66' lang='lat' dir='ltr'>inserentis,</span> <span class='ocrx_word' id='word_1_278' title='bbox 739 3396 742 3400; x_wconf 35' lang='grc' dir='ltr'>ι</span> 
     </span>
    </p>

    <p class='ocr_par' dir='ltr' id='par_1_11' title="bbox 96 3443 915 3509">
     <span class='ocr_line' id='line_1_33' title="bbox 96 3443 915 3509; baseline -0.007 -12"><span class='ocrx_word' id='word_1_279' title='bbox 96 3446 137 3509; x_wconf 84' lang='grc'>(7)</span> <span class='ocrx_word' id='word_1_280' title='bbox 171 3445 202 3494; x_wconf 94' lang='lat' dir='ltr'>In</span> <span class='ocrx_word' id='word_1_281' title='bbox 221 3448 268 3496; x_wconf 76' lang='lat' dir='ltr'>iud.</span> <span class='ocrx_word' id='word_1_282' title='bbox 286 3449 314 3494; x_wconf 74' lang='lat' dir='ltr'>de</span> <span class='ocrx_word' id='word_1_283' title='bbox 329 3448 447 3496; x_wconf 66' lang='lat' dir='ltr'>Dementia.</span> <span class='ocrx_word' id='word_1_284' title='bbox 464 3445 570 3509; x_wconf 85' lang='lat' dir='ltr'>legitur:</span> <span class='ocrx_word' id='word_1_285' title='bbox 587 3448 619 3494; x_wconf 86' lang='grc' dir='ltr'>τὰ</span> <span class='ocrx_word' id='word_1_286' title='bbox 636 3446 734 3494; x_wconf 64' lang='grc' dir='ltr'>τοιαῦθ’</span> <span class='ocrx_word' id='word_1_287' title='bbox 754 3443 886 3508; x_wconf 80' lang='grc' dir='ltr'>ὑπολοβῆ.</span> <span class='ocrx_word' id='word_1_288' title='bbox 912 3476 915 3486; x_wconf 84' lang='grc'><strong>-</strong></span> 
     </span>
    </p>

    <p class='ocr_par' dir='ltr' id='par_1_12' title="bbox 57 3523 1201 3667">
     <span class='ocr_line' id='line_1_34' title="bbox 93 3523 1201 3592; baseline -0.001 -18"><span class='ocrx_word' id='word_1_289' title='bbox 93 3525 133 3589; x_wconf 87' lang='lat'>(8)</span> <span class='ocrx_word' id='word_1_290' title='bbox 168 3525 253 3588; x_wconf 82' lang='lat' dir='ltr'>Vulgo</span> <span class='ocrx_word' id='word_1_291' title='bbox 278 3529 511 3592; x_wconf 77' lang='grc' dir='ltr'>καταγινώσκοντα.</span> <span class='ocrx_word' id='word_1_292' title='bbox 546 3525 581 3573; x_wconf 90' lang='lat' dir='ltr'>De</span> <span class='ocrx_word' id='word_1_293' title='bbox 606 3525 652 3573; x_wconf 84' lang='lat' dir='ltr'>hoe</span> <span class='ocrx_word' id='word_1_294' title='bbox 667 3539 755 3587; x_wconf 83' lang='lat' dir='ltr'>genere</span> <span class='ocrx_word' id='word_1_295' title='bbox 772 3525 951 3572; x_wconf 78' lang='lat' dir='ltr'>emendationis</span> <span class='ocrx_word' id='word_1_296' title='bbox 967 3523 1068 3586; x_wconf 80' lang='lat' dir='ltr'>posthae</span> <span class='ocrx_word' id='word_1_297' title='bbox 1084 3539 1135 3571; x_wconf 88' lang='lat' dir='ltr'>non</span> <span class='ocrx_word' id='word_1_298' title='bbox 1150 3539 1201 3573; x_wconf 82' lang='lat' dir='ltr'>am·</span> 
     </span>
     <span class='ocr_line' id='line_1_35' title="bbox 57 3604 385 3667; baseline 0.009 -14"><span class='ocrx_word' id='word_1_299' title='bbox 57 3605 126 3667; x_wconf 78' lang='lat' dir='ltr'>plius</span> <span class='ocrx_word' id='word_1_300' title='bbox 143 3604 248 3652; x_wconf 90' lang='lat' dir='ltr'>monebo</span> <span class='ocrx_word' id='word_1_301' title='bbox 264 3605 385 3656; x_wconf 83' lang='lat' dir='ltr'>lectorem.</span> 
     </span>
    </p>

    <p class='ocr_par' dir='ltr' id='par_1_13' title="bbox 57 3681 1201 4063">
     <span class='ocr_line' id='line_1_36' title="bbox 96 3681 1200 3746; baseline 0 -14"><span class='ocrx_word' id='word_1_302' title='bbox 96 3681 135 3746; x_wconf 89' lang='grc'>(9)</span> <span class='ocrx_word' id='word_1_303' title='bbox 169 3681 218 3732; x_wconf 88' lang='lat' dir='ltr'>Hic</span> <span class='ocrx_word' id='word_1_304' title='bbox 235 3700 303 3734; x_wconf 79' lang='lat' dir='ltr'>meus</span> <span class='ocrx_word' id='word_1_305' title='bbox 319 3685 371 3733; x_wconf 85' lang='lat' dir='ltr'>eod.</span> <span class='ocrx_word' id='word_1_306' title='bbox 390 3687 409 3734; x_wconf 92' lang='lat' dir='ltr'>P</span> <span class='ocrx_word' id='word_1_307' title='bbox 425 3686 510 3733; x_wconf 80' lang='lat' dir='ltr'>inserit</span> <span class='ocrx_word' id='word_1_308' title='bbox 527 3688 574 3742; x_wconf 81' lang='grc' dir='ltr'>τῆς</span> <span class='ocrx_word' id='word_1_309' title='bbox 592 3682 713 3742; x_wconf 80' lang='grc' dir='ltr'>τοιαύτης</span> <span class='ocrx_word' id='word_1_310' title='bbox 729 3681 855 3746; x_wconf 75' lang='grc' dir='ltr'>φράσεως,</span> <span class='ocrx_word' id='word_1_311' title='bbox 873 3681 1132 3744; x_wconf 76' lang='lat' dir='ltr'>interpretamentum,</span> <span class='ocrx_word' id='word_1_312' title='bbox 1149 3685 1200 3744; x_wconf 93' lang='lat' dir='ltr'>opi-</span> 
     </span>
     <span class='ocr_line' id='line_1_37' title="bbox 57 3757 1201 3826; baseline -0.004 -16"><span class='ocrx_word' id='word_1_313' title='bbox 57 3777 124 3823; x_wconf 90' lang='lat' dir='ltr'>nor,</span> <span class='ocrx_word' id='word_1_314' title='bbox 140 3763 343 3823; x_wconf 73' lang='lat' dir='ltr'>praecedentium</span> <span class='ocrx_word' id='word_1_315' title='bbox 377 3762 409 3810; x_wconf 87' lang='lat' dir='ltr'>ln</span> <span class='ocrx_word' id='word_1_316' title='bbox 424 3778 475 3826; x_wconf 83' lang='lat' dir='ltr'>sqq.</span> <span class='ocrx_word' id='word_1_317' title='bbox 493 3777 580 3824; x_wconf 84' lang='lat' dir='ltr'>sequor</span> <span class='ocrx_word' id='word_1_318' title='bbox 597 3761 651 3810; x_wconf 85' lang='lat' dir='ltr'>eod.</span> <span class='ocrx_word' id='word_1_319' title='bbox 669 3760 767 3820; x_wconf 86' lang='lat' dir='ltr'>Ambr.;</span> <span class='ocrx_word' id='word_1_320' title='bbox 791 3759 839 3807; x_wconf 82' lang='lat' dir='ltr'>nisi</span> <span class='ocrx_word' id='word_1_321' title='bbox 855 3759 920 3822; x_wconf 86' lang='lat' dir='ltr'>quod</span> <span class='ocrx_word' id='word_1_322' title='bbox 936 3759 1017 3807; x_wconf 82' lang='lat' dir='ltr'>minus</span> <span class='ocrx_word' id='word_1_323' title='bbox 1033 3762 1099 3807; x_wconf 86' lang='lat' dir='ltr'>reete</span> <span class='ocrx_word' id='word_1_324' title='bbox 1110 3757 1201 3806; x_wconf 87' lang='lat' dir='ltr'>omittit</span> 
     </span>
     <span class='ocr_line' id='line_1_38' title="bbox 60 3833 1200 3904; baseline -0.007 -15"><span class='ocrx_word' id='word_1_325' title='bbox 60 3839 197 3889; x_wconf 74' lang='lat' dir='ltr'>vocabula:</span> <span class='ocrx_word' id='word_1_326' title='bbox 225 3839 282 3904; x_wconf 79' lang='grc' dir='ltr'>μηδ’</span> <span class='ocrx_word' id='word_1_327' title='bbox 300 3842 458 3899; x_wconf 70' lang='grc' dir='ltr'>άναισθητὸς</span> <span class='ocrx_word' id='word_1_328' title='bbox 475 3841 528 3904; x_wconf 79' lang='grc' dir='ltr'>ἐγώ.</span> <span class='ocrx_word' id='word_1_329' title='bbox 557 3839 656 3900; x_wconf 84' lang='lat' dir='ltr'>Vulgo:</span> <span class='ocrx_word' id='word_1_330' title='bbox 682 3839 779 3902; x_wconf 79' lang='grc' dir='ltr'>οὐγὰρ</span> <span class='ocrx_word' id='word_1_331' title='bbox 803 3838 836 3886; x_wconf 80' lang='grc' dir='ltr'>ἂν</span> <span class='ocrx_word' id='word_1_332' title='bbox 855 3836 1082 3900; x_wconf 75' lang='grc' dir='ltr'>οὕτω-γενοίμην.</span> <span class='ocrx_word' id='word_1_333' title='bbox 1111 3833 1200 3882; x_wconf 83' lang='lat' dir='ltr'>Emen-</span> 
     </span>
     <span class='ocr_line' id='line_1_39' title="bbox 66 3913 1200 3982; baseline -0.004 -14"><span class='ocrx_word' id='word_1_334' title='bbox 66 3920 212 3980; x_wconf 81' lang='lat' dir='ltr'>dationem,</span> <span class='ocrx_word' id='word_1_335' title='bbox 228 3920 251 3968; x_wconf 80' lang='lat' dir='ltr'>si</span> <span class='ocrx_word' id='word_1_336' title='bbox 266 3935 326 3982; x_wconf 72' lang='lat' dir='ltr'>opus</span> <span class='ocrx_word' id='word_1_337' title='bbox 343 3925 392 3979; x_wconf 87' lang='lat' dir='ltr'>est,</span> <span class='ocrx_word' id='word_1_338' title='bbox 410 3918 561 3968; x_wconf 81' lang='lat' dir='ltr'>confirmabit</span> <span class='ocrx_word' id='word_1_339' title='bbox 577 3917 653 3966; x_wconf 88' lang='lat' dir='ltr'>libell.</span> <span class='ocrx_word' id='word_1_340' title='bbox 672 3918 701 3965; x_wconf 88' lang='lat' dir='ltr'>de</span> <span class='ocrx_word' id='word_1_341' title='bbox 719 3916 843 3966; x_wconf 80' lang='lat' dir='ltr'>Demosth.</span> <span class='ocrx_word' id='word_1_342' title='bbox 861 3931 915 3978; x_wconf 79' lang='lat' dir='ltr'>cap.</span> <span class='ocrx_word' id='word_1_343' title='bbox 933 3913 970 3964; x_wconf 88' lang='lat' dir='ltr'>VI</span> <span class='ocrx_word' id='word_1_344' title='bbox 988 3914 1056 3975; x_wconf 71' lang='lat' dir='ltr'>init,</span> <span class='ocrx_word' id='word_1_345' title='bbox 1073 3914 1120 3963; x_wconf 81' lang='lat' dir='ltr'>nisi</span> <span class='ocrx_word' id='word_1_346' title='bbox 1135 3914 1200 3977; x_wconf 86' lang='lat' dir='ltr'>quod</span> 
     </span>
     <span class='ocr_line' id='line_1_40' title="bbox 63 3997 520 4063; baseline 0.002 -18"><span class='ocrx_word' id='word_1_347' title='bbox 63 3997 99 4046; x_wconf 85' lang='lat' dir='ltr'>ibi</span> <span class='ocrx_word' id='word_1_348' title='bbox 117 4013 213 4063; x_wconf 86' lang='lat' dir='ltr'>quoque</span> <span class='ocrx_word' id='word_1_349' title='bbox 228 3997 331 4046; x_wconf 83' lang='lat' dir='ltr'>delenda</span> <span class='ocrx_word' id='word_1_350' title='bbox 346 3998 464 4060; x_wconf 79' lang='lat' dir='ltr'>particulo</span> <span class='ocrx_word' id='word_1_351' title='bbox 480 3999 520 4047; x_wconf 81' lang='grc' dir='ltr'>ἄν.</span> 
     </span>
    </p>

    <p class='ocr_par' dir='ltr' id='par_1_14' title="bbox 62 4070 1201 4374">
     <span class='ocr_line' id='line_1_41' title="bbox 94 4070 1200 4141; baseline -0.005 -16"><span class='ocrx_word' id='word_1_352' title='bbox 94 4077 150 4141; x_wconf 88' lang='grc'>(10)</span> <span class='ocrx_word' id='word_1_353' title='bbox 183 4077 267 4139; x_wconf 85' lang='lat' dir='ltr'>Vulgo</span> <span class='ocrx_word' id='word_1_354' title='bbox 284 4077 446 4140; x_wconf 83' lang='grc' dir='ltr'>βουλόμενος.</span> <span class='ocrx_word' id='word_1_355' title='bbox 481 4076 627 4138; x_wconf 78' lang='lat' dir='ltr'>Sylburgiur</span> <span class='ocrx_word' id='word_1_356' title='bbox 655 4073 758 4123; x_wconf 82' lang='lat' dir='ltr'>coniecit</span> <span class='ocrx_word' id='word_1_357' title='bbox 786 4072 922 4136; x_wconf 84' lang='grc' dir='ltr'>βούλομαι.</span> <span class='ocrx_word' id='word_1_358' title='bbox 955 4070 1069 4120; x_wconf 71' lang='lat' dir='ltr'>Reiskius</span> <span class='ocrx_word' id='word_1_359' title='bbox 1093 4073 1200 4133; x_wconf 78' lang='lat' dir='ltr'>reposuit</span> 
     </span>
     <span class='ocr_line' id='line_1_42' title="bbox 66 4150 1201 4218; baseline -0.006 -14"><span class='ocrx_word' id='word_1_360' title='bbox 66 4154 243 4218; x_wconf 78' lang='grc' dir='ltr'>βουλόμενον,</span> <span class='ocrx_word' id='word_1_361' title='bbox 260 4155 325 4218; x_wconf 87' lang='lat' dir='ltr'>quod</span> <span class='ocrx_word' id='word_1_362' title='bbox 335 4169 381 4218; x_wconf 81' lang='lat' dir='ltr'>ego</span> <span class='ocrx_word' id='word_1_363' title='bbox 397 4155 486 4217; x_wconf 74' lang='lat' dir='ltr'>asciri,</span> <span class='ocrx_word' id='word_1_364' title='bbox 504 4155 597 4203; x_wconf 76' lang='lat' dir='ltr'>adiecto</span> <span class='ocrx_word' id='word_1_365' title='bbox 614 4155 701 4217; x_wconf 83' lang='grc' dir='ltr'>μόνον.</span> <span class='ocrx_word' id='word_1_366' title='bbox 718 4150 903 4213; x_wconf 79' lang='lat' dir='ltr'>Perspiouitntis</span> <span class='ocrx_word' id='word_1_367' title='bbox 920 4165 991 4198; x_wconf 76' lang='lat' dir='ltr'>causa</span> <span class='ocrx_word' id='word_1_368' title='bbox 1006 4164 1201 4212; x_wconf 78' lang='lat' dir='ltr'>praegressorum</span> 
     </span>
     <span class='ocr_line' id='line_1_43' title="bbox 63 4226 1198 4294; baseline -0.005 -14"><span class='ocrx_word' id='word_1_369' title='bbox 63 4235 159 4293; x_wconf 83' lang='lat' dir='ltr'>partem</span> <span class='ocrx_word' id='word_1_370' title='bbox 175 4233 244 4294; x_wconf 77' lang='lat' dir='ltr'>posui</span> <span class='ocrx_word' id='word_1_371' title='bbox 260 4231 287 4279; x_wconf 92' lang='lat' dir='ltr'>in</span> <span class='ocrx_word' id='word_1_372' title='bbox 302 4232 446 4294; x_wconf 77' lang='lat' dir='ltr'>parenthesi</span> <span class='ocrx_word' id='word_1_373' title='bbox 463 4230 525 4279; x_wconf 84' lang='lat' dir='ltr'>Vide</span> <span class='ocrx_word' id='word_1_374' title='bbox 541 4236 635 4294; x_wconf 77' lang='lat' dir='ltr'>temen,</span> <span class='ocrx_word' id='word_1_375' title='bbox 653 4245 735 4279; x_wconf 79' lang='lat' dir='ltr'>annon</span> <span class='ocrx_word' id='word_1_376' title='bbox 750 4228 832 4291; x_wconf 85' lang='lat' dir='ltr'>potius</span> <span class='ocrx_word' id='word_1_377' title='bbox 849 4227 1003 4278; x_wconf 72' lang='lat' dir='ltr'>scribendum</span> <span class='ocrx_word' id='word_1_378' title='bbox 1019 4226 1051 4275; x_wconf 83' lang='lat' dir='ltr'>sit</span> <span class='ocrx_word' id='word_1_379' title='bbox 1069 4226 1198 4290; x_wconf 81' lang='grc' dir='ltr'>βούλομαι</span> 
     </span>
     <span class='ocr_line' id='line_1_44' title="bbox 62 4311 148 4374; baseline -0.012 -13"><span class='ocrx_word' id='word_1_380' title='bbox 62 4311 148 4374; x_wconf 75' lang='grc' dir='ltr'>μόνον.</span> 
     </span>
    </p>

    <p class='ocr_par' dir='ltr' id='par_1_15' title="bbox 101 4387 687 4454">
     <span class='ocr_line' id='line_1_45' title="bbox 101 4387 687 4454; baseline 0.002 -17"><span class='ocrx_word' id='word_1_381' title='bbox 101 4387 155 4454; x_wconf 82' lang='lat' dir='ltr'>(ll)</span> <span class='ocrx_word' id='word_1_382' title='bbox 190 4388 275 4452; x_wconf 84' lang='lat' dir='ltr'>Vulgo</span> <span class='ocrx_word' id='word_1_383' title='bbox 291 4390 378 4440; x_wconf 81' lang='grc' dir='ltr'>αὐτοῦ.</span> <span class='ocrx_word' id='word_1_384' title='bbox 411 4389 524 4440; x_wconf 79' lang='lat' dir='ltr'>Correxit</span> <span class='ocrx_word' id='word_1_385' title='bbox 539 4387 687 4451; x_wconf 75' lang='lat' dir='ltr'>Kruegerur.</span> 
     </span>
    </p>
   </div>
   <div class='ocr_carea' id='block_1_5' title="bbox 0 0 1386 5018">
    <p class='ocr_par' dir='ltr' id='par_1_16' title="bbox 0 0 1386 5018">
     <span class='ocr_line' id='line_1_46' title="bbox 0 0 1386 5018; baseline 0 0"><span class='ocrx_word' id='word_1_386' title='bbox 0 0 1386 5018; x_wconf 95' lang='lat' dir='ltr'> </span> 
     </span>
    </p>
   </div>
  </div>
 </body>
</html>
