2754 5018
116 117 172 193 μὲν
205 108 239 184 ἐξ
272 111 422 178 ἁπάντων
455 110 643 194 ἐξελεξάμην
674 116 750 186 τοὺς
773 108 947 188 δοκοῦντας
971 115 1049 181 εἶναι
1071 115 1250 202 λαμπροτά-

117 239 212 286 τους,
246 211 430 295 Ἰσοκράτην
450 241 482 277 τε
505 217 553 277 καὶ
579 211 737 277 Πλάτωνα
761 217 808 275 καὶ
833 218 1039 293 Δημοσθένη,
1073 219 1105 280 ἐκ
1128 213 1160 281 δέ
1180 222 1250 282 τοῦ-

119 337 182 373 των
204 310 308 374 αὐτῶν
332 310 431 377 πάλιν
454 314 622 397 προέκρινα
647 313 835 392 Δημοσθένη
854 312 915 389 (Ι),
939 312 1034 380 οὐδὲν
1057 315 1162 400 ᾤμην,
1184 315 1251 386 οὔτε

120 406 295 486 Πλάτωνα,
319 407 384 474 οὔτ’
407 409 588 495 Ἰσοκράτην
612 408 737 475 ἀδικεῖν.

163 512 210 584 Νι)
236 514 315 586 Δία,
342 515 438 594 φησίν
457 507 512 589 (Ἰ),
536 510 610 574 ἀλλ’
634 511 691 574 οὐκ
714 507 771 574 ’ἔδει
794 538 828 574 σε
850 512 888 574 τὰ
914 511 1095 587 Πλάτωνος
1117 514 1242 597 ἁμαρτῆ·

117 611 188 692 ματ’
211 608 406 697 ἐξελέγχειν,
436 610 642 696 βουλόμενον
665 614 800 675 ἐπαινεῖν
818 609 856 690 (5)
885 617 1108 695 Δημοσθένην.
1126 613 1239 683 Ἔπειτα

119 716 188 784 πῶς
220 710 260 776 ἀν
290 738 342 791 μοι
375 712 433 786 τὴν
456 708 686 796 ἀκριβεστάτην
708 708 859 796 βάσανον
883 717 900 776 ὁ
924 712 1028 798 λόγος
1054 711 1191 796 ἐλαβεν,
1217 721 1237 780 εί
1270 701 1271 704 ¹

118 812 159 891 μὴ
193 813 268 883 τοὺς
298 811 448 894 ἀρίστους
476 809 600 895 λόγους
629 816 692 874 ταῖν
721 811 922 895 Ἰσοκράτους
945 839 976 876 τε
1001 817 1050 876 καὶ
1076 813 1238 888 Πλάτωνος

118 919 186 984 τοῖς
217 914 394 995 κρατίστοις
416 921 480 976 τῶν
498 909 535 989 (Δ)
564 914 790 992 Δημοσθένους
814 911 1044 997 ἀντιπαρέθηκα
1069 917 1119 977 καὶ
1143 915 1238 978 καθὸ

118 1012 212 1094 μέρος
237 1011 350 1086 ἥττους
372 1014 401 1076 οἱ
424 1015 544 1076 τούτων
568 1012 662 1096 λόγοι
686 1015 744 1076 εἶσὶ
766 1015 830 1076 τῶν
853 1015 969 1077 ἐκείνου
988 1009 1027 1090 (5)
1050 1014 1127 1093 μετὰ
1149 1014 1242 1088 πάσης

118 1109 269 1189 ἀληθείας
303 1107 460 1192 ἐπέδειξα,
491 1111 555 1196 οὐχ
588 1110 711 1176 ἅπαντα
733 1123 802 1186 τοῖς
824 1108 980 1195 ἀνδράσιν
1002 1115 1134 1187 ἐκείνοις
1156 1116 1249 1197 ἡμαρ-

112 1215 230 1285 τῆσθαι
263 1210 388 1296 λέγων·
422 1213 517 1293 μανία
547 1211 609 1296 γὰρ
640 1214 735 1275 τοῦτό
764 1231 819 1296 γε·
855 1210 929 1276 ἀλλ’
960 1208 1027 1276 οὐδ’
1067 1212 1175 1277 ἅπαντ’
1197 1211 1244 1277 ἐπ’

117 1308 189 1384 ῖσης
223 1314 460 1395 κατωρθῶσθαι.
508 1313 543 1373 Ei
575 1306 605 1374 δέ
629 1309 712 1373 τοῦτ’
735 1310 793 1373 οὐκ
810 1305 849 1386 (6)
874 1312 1022 1386 ἐποίουν,
1059 1309 1190 1397 ἐπόνουν
1209 1309 1245 1376 δ’

120 1413 344 1491 Δημοσθένην,
367 1409 474 1483 πάσας
497 1406 617 1481 διεξιὼν
640 1410 736 1473 αὐτοῦ
759 1412 816 1484 τὰς
839 1409 974 1493 ἀρετὰς,
998 1411 1042 1484 ὡς
1057 1416 1114 1492 μέν
1129 1414 1258 1497 ἀγαθός

118 1514 181 1576 ἐστι
210 1509 316 1594 ῥήτωρ
336 1508 397 1590 (7),
432 1510 536 1574 ἐπεισα
560 1511 688 1584 πάντως
711 1509 751 1573 ἂν
772 1512 848 1584 τοὺς
871 1508 1175 1595 ἀναγνωσομένους·
1201 1513 1262 1586 ὡς

117 1607 148 1675 δέ
172 1614 220 1674 καὶ
244 1611 410 1695 κράτιστος
432 1608 561 1675 πάντων
583 1615 646 1674 ταῖν
669 1607 917 1694 πρωτευσάντων
939 1615 1009 1694 περὶ
1032 1611 1170 1694 λόγους,
1191 1613 1269 1676 οὐκ

119 1710 158 1774 ἂν
184 1711 306 1791 ἐπεισα,
328 1713 369 1794 μὴ
392 1714 574 1795 παρατιθεὶς
597 1711 680 1795 αὐτῷ
698 1713 774 1784 τοὺς
789 1711 950 1792 ἀρίστους.
977 1709 1093 1775 Πολλὰ
1114 1715 1275 1797 γὰρταῖν

117 1810 186 1874 καθ’
209 1810 288 1874 αὑτὰ
313 1812 509 1894 φαινομένων
532 1809 638 1873 καλῶν
653 1837 684 1874 τε
697 1813 744 1873 καὶ
761 1813 970 1891 θαυμαστῶν,
994 1813 1110 1894 ἑτέροις
1128 1812 1268 1876 ἀντεπει-

117 1913 284 1994 ρατεθέντα
302 1905 341 1989 (8)
374 1912 563 1993 κρείττοσιν,
596 1906 714 1972 ἐλάττω
744 1917 799 1983 τῆς
833 1905 932 1983 δόξης
962 1907 1080 1994 ἐφάνη·
1116 1912 1193 1975 οὕτω
1212 1909 1269 1995 γε’

117 2038 166 2074 τοι
198 2015 246 2075 καὶ
279 2011 423 2096 χρυσὸς,
452 2012 542 2095 ἑτέρῳ
575 2014 686 2095 χρυσῷ
714 2012 900 2094 παρατεθεὶς
923 2012 1070 2093 κρείττων
1094 2009 1113 2084 ἢ
1136 2014 1259 2095 χείρων

120 2110 164 2174 ὢν
182 2106 221 2188 (9)
246 2112 433 2196 εὑρίσκεται,
457 2113 505 2174 καὶ
528 2114 592 2174 πᾶν
615 2108 700 2173 ἄλλο
723 2111 955 2194 χειρούργημα,
978 2113 1026 2173 καὶ
1052 2112 1139 2174 ὅσων
1165 2108 1256 2194 ἐνάρ-

120 2237 186 2294 γεια
207 2207 267 2288 ((0)
292 2211 328 2274 τὸ
352 2209 456 2284 τέλος.

164 2313 199 2373 Ei
227 2307 253 2374 δ’
283 2307 458 2395 ἀχάριστον
493 2307 689 2391 ὑπολήψεταί
717 2334 764 2382 τις
792 2310 825 2371 ἐν
847 2316 916 2382 τοῖς
939 2306 1116 2382 πολιτικοῖς
1141 2307 1246 2392 λόγοις

117 2411 175 2484 τὴν
209 2412 240 2474 ἐκ
270 2413 465 2495 συγκρίσεως
484 2406 544 2488 (Η)
569 2405 726 2486 ἐξέτασιν,
757 2412 805 2472 καὶ
836 2408 904 2473 καθ’
928 2408 1018 2472 ἑαυτὸ
1038 2405 1101 2487 (ῖῖ)
1128 2410 1243 2473 ἕκαστον

118 2507 241 2582 ἀξιώσει
272 2520 418 2587 σκοπεῖν,
448 2506 542 2575 οὐδὲν
580 2509 714 2573 κωλόσει
750 2510 845 2573 ταύτὸ
864 2505 923 2585 (15)
963 2515 1058 2573 τοῦτο
1097 2509 1168 2573 κάπὶ
1190 2509 1240 2571 τοῖν
1279 2572 1281 2577 ,

118 2610 245 2675 ἀλλων·
267 2619 389 2688 ποιεῖν,
418 2614 467 2676 καὶ
505 2613 580 2693 μήτε
619 2613 747 2684 ποίησιν
770 2607 988 2684 ἀντεξετάζειν
1011 2611 1097 2694 ἐτέρρ
1119 2611 1239 2683 ποιήσει,

121 2762 280 2774 ψ------·ι----ι

152 2840 188 2906 (l)
223 2842 371 2904 Δημοσθένη
389 2843 456 2892 codd
474 2843 615 2905 Kruegerus
631 2841 739 2904 reposuit
756 2842 931 2905 Δημοσθένην.

152 2918 187 2985 (2)
221 2924 296 2985 φησίν
313 2926 398 2971 contra
415 2923 539 2986 Sylburgii
557 2922 720 2971 coniecturam
736 2921 822 2986 φήσεις
839 2921 900 2970 bene
916 2923 1004 2969 tuetur
1021 2917 1144 2971 Reisldue.

154 2997 191 3062 (3)
225 2998 312 3048 Malim
329 2999 488 3064 βουλόμενόν
506 3004 526 3067 γ’
546 3001 668 3051 ἐπαινεῖν.

153 3077 189 3142 (4)
223 3078 360 3128 Artieuium
377 3081 458 3130 addidi
475 3081 504 3130 de
520 3096 580 3131 meo.
616 3081 660 3131 Sin
676 3080 774 3140 minue,
791 3085 843 3130 τῶν
858 3078 991 3128 delendum
1008 3081 1066 3126 ante
1082 3078 1241 3141 Ἰσοκράτους.
1279 3083 1281 3092 “

154 3157 189 3222 (5)
224 3159 310 3207 Malim
333 3159 397 3209 fere:
423 3163 447 3211 oi
471 3161 604 3211 ἐκείνων
628 3164 652 3209 λ.
669 3178 688 3209 ε.
706 3177 727 3208 τ.
756 3158 892 3219 τούτου,
920 3161 1087 3219 tumpropter
1103 3169 1242 3220 praegressa.

120 3241 174 3285 tum
202 3253 259 3286 vero
287 3239 391 3288 maxime
418 3239 449 3287 ob
472 3239 602 3303 sequentia
640 3239 701 3288 Mox
720 3237 848 3287 emendavi
875 3238 975 3301 μανία
1000 3238 1048 3301 γὰρ
1073 3251 1117 3298 pro
1141 3237 1243 3301 μανίας

119 3318 167 3380 γὰρ
184 3316 234 3366 nri.

154 3394 190 3459 (6)
225 3395 366 3444 Rectissime
383 3397 443 3459 οὐκ,
459 3397 569 3461 quamvis
585 3412 724 3461 praegresso
741 3397 773 3458 εἰ,
790 3395 848 3460 quie
863 3394 961 3458 negatio
973 3393 1106 3444 arctissime
1118 3409 1174 3442 eum
1185 3389 1245 3443 verbo

123 3475 227 3526 ἐποίουν
243 3476 407 3538 coniungitur.

155 3553 190 3618 (7)
225 3556 265 3604 lta
282 3556 436 3606 scribendum
453 3572 505 3606 esse
522 3557 582 3606 duxi
597 3573 641 3620 pro
658 3555 777 3619 vulgatis:
794 3558 827 3614 ὡς
843 3556 889 3620 μὲν
907 3556 1004 3620 ἀγαθὸς
1023 3553 1036 3602 ὸ
1054 3553 1147 3618 ῥήτωρ.

154 3629 191 3694 (8)
226 3635 408 3695 παρατεθέντα
424 3635 475 3683 eod.
493 3633 553 3696 Reg.
570 3650 620 3682 non
636 3634 713 3694 ουλε,
731 3650 789 3683 mox
804 3632 888 3682 malim
904 3633 1025 3696 ἀνεφάνη.

153 3710 188 3775 (9)
225 3711 306 3774 Vulgo
324 3731 349 3762 τε
368 3715 410 3762 καὶ
427 3715 536 3777 χείρων,
554 3729 615 3776 quae
632 3713 661 3762 de
677 3701 816 3762 conieci-ure
832 3710 930 3762 eorrexi

155 3788 207 3855 (10)
241 3791 375 3842 Ηαὰεοαυε
399 3793 509 3856 ἐνέργεια
533 3792 684 3856 suspicatur,
704 3795 746 3843 sed
771 3808 849 3858 neque
874 3792 920 3841 hoe
946 3805 1025 3855 neque
1042 3789 1106 3839 illud
1123 3790 1182 3840 satie
1198 3787 1250 3838 mihi

119 3867 259 3930 expeditum
274 3869 357 3917 iocum
374 3870 459 3920 reddit.

153 3945 206 4011 (ll)
242 3944 317 3995 codd.
335 3951 383 4007 τῆς
401 3951 558 4014 συγκρίσεως.
593 3947 677 4000 Deievi
694 3949 830 3999 articulum.

152 4023 204 4089 (12)
242 4026 334 4077 ἑαυτόν
351 4027 419 4077 Amb.

153 4105 205 4170 (13)
240 4111 269 4159 τὸ
287 4109 352 4160 αὐτό
369 4109 445 4174 vulgo
462 4111 487 4157 θ).
502 4123 560 4156 mox
577 4109 619 4158 καί
633 4106 684 4158 ἐπί.
