2754 5018
592 272 631 349 ll

88 484 156 558 οινὴν
185 487 333 569 φίρουσιυ
367 483 540 569 ὠφέλειαν,
575 487 828 570 ἐπανορθοῖιντες
860 485 934 567 ἡμῖν
952 480 991 561 (ί)
1027 480 1124 568 βίους
1147 510 1178 548 τε

88 586 108 645 οὶ
134 583 267 668 λόγους,
302 587 361 669 ἐρεῖ
384 605 456 649 σοι·
492 591 540 650 καὶ
579 588 701 660 ποιίησω
735 612 768 649 σε
786 581 825 662 (9)
856 586 895 660 νὴ
920 588 981 650 Δία
1003 584 1177 659 πιστεύειν,

89 684 105 742 ιὲ
129 684 226 747 καινὸν
256 681 350 748 οὐδὲν
381 687 531 769 εἰρηκέναι
563 682 634 749 οὐδὲ
658 682 862 767 παράδοξον,
886 681 953 748 οὐδ’
976 683 994 747 ὃ
1017 683 1059 764 μὴ
1082 685 1178 747 πᾶσιν

89 784 161 855 ιοίως
182 780 274 847 δοκεῖ.
295 822 302 831 ·

101 875 169 962 Ἐγὼ
201 880 262 944 οὗν
286 881 405 962 νομίζω
423 881 491 960 (ἶ),
520 885 598 947 όταν
619 888 675 963 μὲν
699 883 827 948 ἐ’παινον
852 882 1022 968 προέληται
1044 883 1176 967 γράφειν

89 977 146 1055 ill)
173 982 359 1065 πράγματος
395 983 451 1048 είτε
492 985 639 1064 σώματος
670 986 909 1067 ὁποιουγέτινος
928 979 990 1060 (5),
1020 983 1079 1056 τὰς
1102 980 1170 1066 ἀρε·

89 1102 107 1149 ῖς
133 1078 222 1142 αὐτὸν
241 1077 282 1158 (ii)
315 1085 363 1145 καὶ
388 1082 425 1146 οὐ
448 1081 668 1168 τάτυχήματα,
700 1083 725 1147 εί
748 1110 817 1146 τινα
838 1084 996 1166 πρόσεστι
1016 1078 1079 1158 (7),
1114 1077 1179 1145 δεῖν

89 1181 222 1262 ιοφίρειν·
262 1183 339 1246 ὅταν
373 1180 406 1246 δὲ
442 1180 595 1269 βουληθῇ
633 1180 826 1267 διαγνῶναι,
872 1185 903 1246 τί
936 1183 973 1244 τὸ
1012 1182 1179 1264 κράτιστόν

89 1301 127 1339 Τεν
142 1276 177 1356 (8(
201 1283 234 1345 ἐν
257 1280 436 1366 ὁτῳδήποτε
458 1282 537 1370 βίιρ,
561 1287 608 1348 καὶ
631 1287 662 1347 τί
677 1285 714 1348 τὸ
731 1282 905 1364 βίλτιστον
921 1285 987 1345 τῶν
1005 1282 1067 1344 ὑπὸ
1082 1280 1178 1344 ταύτὸ

90 1401 137 1451 11119
170 1382 290 1466 ἐ’ργων,
328 1385 385 1458 τὴν
418 1382 651 1470 ἀκριβεστάτην
682 1381 820 1456 ἐξέτασιν
855 1384 1011 1447 ποιεῖσθαι
1029 1377 1090 1460 llll,
1129 1385 1178 1444 καὶ

91 1470 136 1541 (ἓν
156 1483 357 1566 παραλείπειν
379 1487 444 1549 τῶν
466 1487 656 1567 προσόντων
681 1485 790 1557 αὐτοῖς
813 1484 870 1548 είτε
893 1485 995 1546 κακῶν
1020 1480 1073 1545 είτ’
1096 1481 1173 1564 ἀγα-

90 1575 121 1637 la.
165 1580 202 1645 ‘H
242 1583 305 1666 γὰρ
339 1582 471 1657 ἀλήθεια
508 1585 610 1661 οὕτως
638 1587 806 1670 εὑρίσκεται
828 1583 985 1665 μάλιστα,
1023 1585 1060 1660 ἧς
1084 1578 1176 1645 οὐδὲν

92 1685 146 1755 (μα
173 1682 362 1764 τιμιώτερον.
409 1691 434 1746 Τ
437 1689 512 1749 οῖιτο
535 1682 572 1759 δὴ
591 1685 651 1762 (lli)
685 1687 881 1766 προθέμενος
905 1685 1002 1747 ἐκεῖνο
1020 1680 1127 1764 λέγω·
1153 1682 1176 1744 εί

90 1801 97 1828 ⁷
133 1780 193 1844 ἔστι
215 1810 267 1862 μοι
290 1783 365 1846 κατὰ
392 1784 569 1858 Πλάτωυος
592 1785 696 1868 λόγος
719 1811 767 1858 τις
798 1780 997 1866 καταδρομὴν
1019 1783 1174 1864 περιέχων

90 1871 175 1961 1δρός
201 1877 282 2056 (ίῇ,
319 1885 422 1967 ὥσπερ
458 1881 568 1970 zoile
602 1891 646 1969 τῷ
679 1882 809 1968 ῥήτορι,
849 1878 978 1967 ἀσεβεῖν
1004 1876 1062 1956 (ίῖ)
1104 1883 1177 1959 ὁμο·

90 1984 153 2056 Υῶ,
174 1986 222 2045 καὶ
272 1979 321 2061 5),
354 1983 379 2046 εί
401 2010 436 2068 γε
459 1981 641 2068 βουληθεὶς
662 1983 817 2068 ἐγκώμιον
842 1983 939 2046 αὐτοῦ
962 1983 1096 2066 γράφειν
1119 1981 1177 2062 dui·

90 2097 123 2148 11ς
141 2076 197 2158 llll)
232 2081 322 2155 τιυάς
354 2081 573 2166 ἐγκαταπλίκω
605 2091 674 2157 τοῖς
698 2085 847 2157 ἐπαίνοις.
885 2081 933 2144 Οὐ
957 2081 1019 2165 γὰρ
1044 2083 1090 2144 ὅτι
1114 2077 1177 2143 dra·

91 2167 151 2255 Ᾰᾶς
183 2178 286 2260 οίομαι
316 2177 380 2244 δεῖν
413 2182 545 2266 γράφειυ
580 2184 613 2245 ἐν
635 2182 763 2260 αὐτοῖς,
796 2179 871 2244 ἀλλ’
893 2176 962 2243 οὐδ’
987 2177 1178 2261 ἀπολογίας.

120 2273 147 2341 δὲ
181 2289 380 2364 χαρακτῆρας
403 2279 509 2365 λόγου
532 2280 750 2365 προελόμενος
774 2288 903 2345 σκοπεῖν
926 2283 973 2344 καὶ
997 2282 1073 2352 τοὺς
1094 2305 1178 2362 πρω-

91 2368 189 2455 lucror,-
212 2381 244 2442 ἐν
267 2379 376 2453 αὐτοῖς
398 2377 599 2465 φιλοσόφους
621 2408 652 2444 τε
677 2386 726 2446 καὶ
744 2379 888 2465 ῥήτορας
902 2377 1074 2453 ἐξετάζειν,
1097 2386 1179 2461 τρεῖς

91 2569 201 2590 *un—n

91 2682 115 2749 sl)
146 2688 229 2751 Vulgo
247 2688 331 2752 ἡμῶν,
349 2691 413 2754 quod
429 2690 529 2739 correxi

91 2765 114 2830 ’2)
145 2766 185 2818 Ita
201 2769 231 2818 de
248 2770 387 2819 coniectura
403 2771 513 2833 rescripsi
529 2786 572 2833 pro
590 2773 668 2820 πείσει
685 2787 724 2834 γε,
742 2769 828 2818 deinde
845 2771 902 2817 ante
918 2764 1007 2816 ιιαινόν
1023 2763 1115 2813 inserui
1125 2764 1179 2826 ἐμί.

91 2849 137 2896 lata
152 2847 179 2896 in
196 2849 322 2912 εἰρηκέναι
338 2850 449 2899 codicum
465 2851 585 2913 scriptura
602 2848 698 2912 εὑρεῖν,
717 2864 790 2912 quam
806 2848 833 2895 in
850 2847 916 2911 ἐρεῖν
932 2850 1084 2908 praepostere
1099 2847 1178 2890 muta-

101 2927 219 2978 Rcialrius.

92 3005 112 3068 3)
144 3004 260 3068 Expuoxi
276 3007 339 3068 δεῖν,
356 3008 421 3071 quod
438 3006 584 3071 sequebatur
599 3008 654 3068 post
671 3005 794 3068 νομίζειν,
812 3003 909 3052 iubente
926 2999 1031 3050 Reislrio.

92 3082 109 3146 l)
144 3084 264 3134 Additum
287 3085 370 3133 malim
387 3086 447 3146 εἶτε,
475 3086 541 3150 quod
558 3083 675 3134 facillime
693 3088 747 3146 post
776 3084 911 3148 γράφειν
939 3097 989 3136 τις
1012 3077 1120 3126 excidere
1135 3093 1178 3138 po·

92 3203 96 3213 .
132 3165 179 3213 Sed
196 3164 251 3213 vide
270 3165 398 3216 Heindorf.
417 3166 448 3214 ad
467 3166 528 3215 Plat.
548 3166 620 3227 Soph.
639 3163 649 3226 φ
668 3165 704 3210 21.

91 3243 108 3306 i)
142 3241 344 3306 Exspectaveram
361 3245 608 3308 ὁποιονγετινοσαῦν.

92 3319 107 3383 ἱ)
142 3319 224 3384 Vulgo
241 3322 329 3370 αὑτοῦ.
364 3320 452 3369 Verius
469 3329 529 3383 puto
545 3321 583 3380 id,
602 3321 667 3384 quod
680 3319 783 3384 reposui.

92 3399 109 3462 ')
145 3399 234 3462 Omisi‚
250 3400 315 3462 quod
332 3400 429 3448 additur
445 3399 472 3447 in
489 3401 559 3449 codd.
578 3400 739 3449 manifestum
759 3399 891 3448 emblema:
910 3401 946 3461 τῷ
965 3397 1097 3461 πράγματι
1115 3393 1180 3456 ἣτφ

93 3495 145 3526 ατε.
180 3477 308 3525 Praeterea
325 3491 381 3524 cum
399 3476 496 3525 Rcislrio
514 3479 532 3524 a}
552 3496 609 3527 τινα
628 3477 684 3525 dedi
699 3493 744 3539 pro
761 3477 781 3525 εί
800 3493 830 3523 τι.

92 3554 108 3619 t)
144 3554 241 3605 Inserui
258 3557 344 3618 ἐστιν,
360 3557 424 3620 quod
441 3556 582 3619 absorptum
597 3571 650 3606 esse
665 3559 726 3618 puto
745 3555 820 3604 cauda
836 3551 1000 3617 praecedentis
1013 3547 1129 3598 vocabuli.

92 3632 106 3697 1)
142 3632 224 3696 Vulgo
241 3636 386 3698 προφέρειν,
404 3636 467 3684 mala
484 3635 616 3697 repetitum
632 3652 646 3683 e
663 3633 815 3696 praegressis.
847 3632 969 3679 Audacter
986 3627 1097 3690 reposui,
1115 3626 1179 3689 quod

93 3728 107 3760 e
125 3727 210 3760 verum
226 3728 278 3761 asse
294 3712 403 3762 arbitror.
438 3713 497 3762 Mox
509 3713 607 3775 dubito,
625 3728 657 3761 an
668 3711 804 3774 genuinum
815 3711 848 3758 sit
858 3722 992 3771 pronomen
1001 3707 1102 3767 adroic,
1114 3703 1178 3767 quod

93 3807 122 3838 isc
139 3789 228 3838 malim.

98 3866 125 3931 0)
159 3868 199 3917 Sic
214 3871 280 3917 reete
298 3868 382 3929 Amb.;
402 3869 477 3932 vulgo
495 3872 570 3919 τοῦτο
588 3868 620 3918 δέ.

93 3944 126 4009 ,1)
158 3944 243 4009 Vulgo
264 3949 308 3997 τοῦ
326 3947 425 4011 ἀνδρὸς.

97 4024 122 4089 2)
156 4027 205 4073 Pro
232 4025 335 4087 ἀσεβεῖν
362 4025 449 4089 aliquis
477 4024 619 4087 praetulerit
648 4023 761 4084 ἀδικεῖν,
792 4024 859 4088 quod
879 4023 909 4072 de
926 4020 1058 4071 confitente
1074 4033 1115 4066 roo
1132 4016 1179 4066 sol·

93 4118 118 4152 re
134 4109 177 4152 est.
211 4103 264 4166 Ego
281 4104 344 4152 nihil
359 4105 513 4153 mutaverim.

98 4178 124 4244 3)
157 4179 224 4228 Num
240 4180 304 4229 forre
320 4185 362 4230 καὶ
381 4181 424 4245 (νι)
443 4180 514 4245 Δία),
535 4183 554 4229 ri
571 4200 599 4246 γε
615 4182 679 4231 κεῖ.)

98 4257 124 4322 4)
159 4257 199 4307 Ita
215 4273 245 4306 ex
261 4257 361 4320 ingenio
378 4259 488 4320 rescripsi
503 4275 547 4321 pro
565 4262 675 4326 λόγους,
705 4260 794 4308 omisso
812 4261 905 4323 νόμους
922 4260 977 4320 post
993 4254 1108 4308 ἐπαίνοις
1124 4266 1179 4299 011111

94 4351 107 4383 ι.
136 4336 237 4401 Ψὸγονς
261 4337 439 4386 rescribendum
463 4339 580 4387 coaciam
598 4354 648 4387 non
664 4340 739 4387 latuit
754 4336 894 4398 Ranilum,
912 4334 952 4384 cui
969 4334 1094 4382 obsecutus
1111 4344 1178 4391 prae·

94 4429 107 4463 a
123 4414 180 4463 dedi
196 4414 378 4480 ἐγκατατλίαω
394 4433 438 4479 pro
455 4417 674 4483 συγκαταπλέκω,
692 4420 812 4484 probante
828 4418 901 4468 etiam
917 4416 1048 4476 Kruegero.
