2754 5018
114 117 245 203 ἤρξατο
267 116 489 184 πολιτεύεσθαι
512 121 560 182 καὶ
585 113 775 201 δημηγορεῖν
798 123 846 183 καὶ
868 117 992 203 λόγους
1015 121 1057 194 εἰς
1082 115 1262 204 δικαστήρια

112 220 272 307 γράφειν,
297 224 315 285 ὁ
339 216 370 285 δὲ
394 220 470 285 κατὰ
493 221 569 293 τοὺς
591 219 707 297 αὐτοὺς
732 222 875 306 χρόνους
897 220 940 284 έτι
962 229 1063 294 συνῆν
1087 222 1260 299 Πλάτωνι,

115 326 168 386 καὶ
204 317 360 405 διέτριψεν
385 322 424 401 (Ι)
460 320 519 394 ἕως
551 321 630 383 ἐτῶν
663 319 739 384 ἑπτὰ
770 326 818 385 καὶ
849 322 1015 405 τριάκοντα
1039 319 1109 386 οὔτε
1135 321 1261 407 σχολῆς

115 423 305 506 ἡγούμενος
327 417 393 484 οὔτ’
416 416 499 484 ἰδίαν
521 422 697 497 πεποιηκὼς
721 420 850 504 αίρεσιυ.

540 718 693 795 CAPUT
735 719 851 796 VIII.

168 932 207 993 Ei
240 924 273 993 δέ
299 955 347 1001 τις
377 927 480 1001 ούτως
511 926 596 992 ἐ’σται
617 922 762 1012 δύσερις,
796 930 874 992 ὥστε
896 934 945 994 καὶ
967 932 1049 1014 πρὸς
1072 931 1157 995 ταῦτ’
1179 931 1263 998 ἆντι-

120 1028 248 1112 λέγειν,
273 1031 321 1092 ότι
343 1033 399 1109 μὲν
421 1027 555 1112 ὕστερον
570 1027 756 1111 ἐγράφησαν
771 1032 801 1093 αἱ
823 1026 1022 1115 ῥητορικαὶ
1045 1034 1176 1116 τέχναι
1197 1038 1262 1098 τῶν

120 1124 380 1196 άναλυτικῶν
413 1156 444 1193 τε
476 1134 525 1192 καὶ
548 1125 769 1209 μεθοδικῶν
792 1135 840 1194 καὶ
864 1136 1056 1210 τοπικῶν,
1090 1132 1263 1219 ὁμολογῶν

119 1229 245 1305 άληθὲς
275 1227 353 1294 εἶναι
365 1276 375 1304 ,
410 1223 503 1294 οὐδὲν
525 1224 556 1293 δὲ
580 1226 712 1293 κωλύειν
735 1228 859 1313 λέγων,
890 1230 1017 1306 ἁπάσας
1039 1234 1153 1309 ταύτας
1177 1261 1262 1299 κατε·

122 1333 302 1395 σκευακέναι
321 1325 359 1404 (ἳ)
384 1329 442 1393 τὸν
466 1327 648 1412 φιλόσοφον
669 1328 728 1402 τὰς
743 1332 959 1412 πραγματείας
977 1329 1018 1394 ἐ’τι
1034 1328 1265 1414 παιδευόμενον

120 1430 209 1513 παρὰ
232 1433 277 1513 τῷ
294 1429 463 1505 Πλάτωνι,
486 1429 617 1512 ψυχρὰν
632 1433 688 1510 μὲν
705 1429 883 1494 κάπίθαυον
899 1431 1092 1514 ἐπιχείρησιν
1108 1435 1263 1516 εἰσάγων,

120 1525 322 1613 βιαζόμενος
353 1523 384 1591 δὲ
406 1526 443 1590 τὸ
462 1528 727 1610 πανουργότατον
745 1524 783 1604 ()
808 1530 872 1590 τῶν
895 1529 1141 1613 ἐπιχειρημάτων
1164 1540 1264 1596 ποιεῖν

119 1626 356 1699 πιθανώτατον,
374 1627 421 1689 ὅτι
437 1627 485 1688 κὰ)
500 1626 537 1688 τὸ
552 1627 594 1705 μὴ
611 1626 693 1703 εἰκὸς
707 1629 852 1710 γίγνεταί
865 1653 939 1690 ποτε
948 1623 999 1707 (4)·
1016 1628 1122 1712 ἀφεὶς,
1146 1628 1165 1694 ἃ
1181 1635 1263 1716 πρὸς

111 1735 220 1811 ,ταῦτα
253 1726 358 1811 λέγειν
387 1725 499 1810 είχον,
535 1728 583 1790 ἐπὶ
615 1727 674 1800 τὰς
708 1726 804 1790 αύτού
827 1729 978 1810 τρέψομαι
1000 1733 1056 1791 τοῦ
1080 1730 1262 1815 φιλοσόφου

120 1831 314 1914 μαρτυρίας,
337 1825 376 1900 ἃς
399 1829 432 1890 ἐν
455 1832 493 1912 τῇ
515 1829 603 1911 τρίτη
617 1823 734 1911 βίβλῳ
747 1823 785 1903 (5)
811 1828 922 1890 τέθεικε
945 1830 1020 1890 τῶν
1042 1832 1190 1915 τεχνῶν
1207 1827 1264 1910 (6),

121 1932 194 2013 περὶ
222 1936 280 2002 τῆς
301 1929 480 2009 μεταφοράς
504 1924 580 1988 κατὰ
604 1921 691 1997 λέξιν
714 1923 796 1988 οὕτω
818 1926 972 2010 γράφων·
1013 1931 1122 1991 »Τῶν
1146 1925 1184 1993 δὲ
1206 1958 1262 2012 με·

122 2029 311 2110 ταφορῶν
344 2024 537 2107 τεττάρων
575 2023 709 2086 οὐσῶν
746 2020 1001 2106 εὐδοκιμοῦσι
1030 2024 1195 2106 μάλισθ’
1227 2034 1262 2095 αἱ

122 2124 207 2190 κατ’
238 2122 490 2208 εἰναλογίαν·
526 2125 574 2197 ὡς
606 2120 799 2205 Περικλῆς
821 2122 885 2206 ἔφη
911 2126 981 2198 τὴν
1004 2127 1167 2201 νεότητα
1189 2132 1262 2205 τὴν

123 2223 385 2305 άπολομίνην
417 2225 456 2287 ἐν
486 2227 534 2307 τῶ
566 2220 722 2305 πολέμῳ
755 2222 883 2296 οὕτως
906 2226 1114 2307 ἠφανίσθαι
1137 2230 1173 2290 ἐκ
1194 2238 1262 2307 τῆς

122 2323 304 2401 πόλεως,
338 2323 459 2405 ῶσπερ
491 2320 520 2384 εἴ
552 2348 609 2392 τιςΙ
644 2321 683 2384 τὸ
708 2320 774 2405 ἐἀρ
798 2324 836 2385 ἐκ
859 2322 1088 2387 τούνιαυτοῦ
1111 2322 1260 2397 ἐξέλοι·

127 2431 185 2494 καὶ
217 2428 417 2499 Λεπτίνης
448 2429 534 2509 περὶ
558 2420 869 2504 Λακεδαιμονίων
892 2423 960 2487 οὐκ
982 2426 1046 2488 ἐᾶν
1069 2424 1263 2507 περιιδεῖν

128 2529 197 2603 τήν
216 2521 391 2592 Ἑλλάδα
414 2523 712 2608 ἑτερόφθαλμον
727 2519 1000 2608 γενομένηνᾛ)
1019 2528 1077 2586 καὶ
1095 2530 1263 2610 Κηφισό·

126 2623 263 2705 δοτος,
293 2622 612 2699 σπουδάζοντος
647 2623 825 2708 Χάρητος
850 2618 888 2701 (8)
922 2622 1094 2700 εὐθύνας
1118 2618 1264 2690 δοῦναι

123 2723 261 2806 τῶν(9)
294 2731 379 2812 περ)
412 2727 479 2792 τὸν
513 2724 778 2790 Ὀλυνθιακὸν
808 2722 1005 2803 πόλεμον,
1052 2725 1265 2808 ἠγανάκτει

124 2950 286 2965 ..ἢ-Ι*-

150 3115 193 3180 (1)
229 3115 343 3164 Fortasse
358 3113 513 3163 inserendum
529 3111 589 3177 παρ’
607 3114 687 3174 αὐτῷ.
706 3109 744 3160 Cf.
762 3126 814 3173 cap.
834 3111 862 3160 V.

156 3192 193 3258 (2)
230 3193 329 3249 ταύτας
345 3193 527 3240 κατεσκεύαααι
544 3189 598 3257 (sie)
617 3189 826 3239 κατεσκευακέναι
844 3195 879 3247 Ρ,
903 3189 966 3237 unde
982 3189 1090 3250 suspicor
1107 3191 1199 3239 varium
1216 3193 1263 3240 lee-

124 3272 218 3320 tiouem
235 3270 294 3319 olim
312 3269 431 3320 exstitisse
448 3271 656 3318 κατεσκευάσθαι.

157 3348 195 3414 (3)
231 3347 321 3410 Recepi
341 3348 403 3395 hune
427 3346 549 3409 egregiam
573 3344 703 3394 lectionem
728 3344 766 3394 vel
790 3344 871 3405 potius
893 3343 1055 3392 coniecturam
1080 3361 1093 3394 e
1113 3347 1223 3408 margine
1239 3352 1264 3395 et

124 3424 235 3473 Moreuii
250 3428 277 3473 et
294 3423 396 3486 Wolfii,
413 3439 457 3487 pro
473 3425 592 3486 scriptura
608 3423 719 3471 codicum
735 3425 951 3486 κακουργήτατσν.

75 3528 77 3545 ι
156 3503 194 3570 (4)
230 3503 343 3552 Absurde
359 3503 434 3565 vulgo
449 3508 506 3564 post
521 3521 584 3553 κατε
600 3503 718 3564 repetitur
734 3500 804 3558 εἰκός.
830 3501 884 3561 Ego
895 3500 970 3549 omisi.
997 3502 1098 3550 Sensus:
1116 3505 1264 3564 quodetiam

75 3560 80 3637 i
123 3583 245 3645 221,qu
260 3597 308 3629 mm
318 3583 405 3641 fuerat
423 3585 564 3644 verisimile,
583 3583 702 3630 interdum
719 3583 793 3628 ίοαιαι
810 3580 885 3627 habet.

75 3674 79 3765 γ
156 3662 194 3727 (5)
230 3661 336 3726 βύβλῳ.
354 3667 380 3710 Ρ.

75 3768 78 3805 ;
154 3739 193 3806 (6)
229 3746 282 3791 τῶν
299 3744 398 3803 τεχνῶν
415 3738 509 3791 τέθεικε
527 3739 599 3788 Amb.
616 3737 643 3786 P.

154 3819 193 3886 (7)
228 3818 445 3883 καὶ-γενομένην
461 3835 501 3867 om
526 3818 597 3866 Amb.
618 3817 646 3866 P.

138 3896 193 3963 (8)
231 3898 283 3944 Om.
303 3897 422 3959 Χάρητος
439 3902 466 3945 Ρ.
735 3935 738 3940 .

154 3975 192 4041 (9)
230 3975 270 4024 Sic
295 3974 390 4037 eorrigo
415 3989 445 4024 ex
462 3973 532 4024 Amb.
559 3971 641 4034 Vulgo
659 3974 703 4023 τοῦ
722 3971 844 4021 adiectum
860 3974 891 4023 eb
907 3973 1048 4024 editoribus.
1081 3976 1179 4041 Reliqui
1196 3975 1263 4025 codri

119 4054 256 4107 articulum
272 4053 408 4118 negligunt.
900 4048 903 4054 ’
