2754 5018
667 270 710 340 18

120 475 194 558 έκτῳ
231 469 262 536 δὲ
297 469 370 552 μετὰ
405 469 463 542 τὴν
504 464 665 529 Φιλίππου
699 462 845 538 τελευτὴν
865 462 924 543 (i),
962 464 1030 530 καθ’
1064 465 1102 529 ὃν
1133 468 1236 549 χρόνοι

116 568 330 654 Ἀλέξανδρος
359 569 417 644 τὴν
451 572 483 631 ἒν
517 562 698 650 Ἀρβήλοις
731 566 815 628 ἐνίκα
846 565 964 650 μάχην.
1014 569 1048 631 Ei
1074 563 1106 631 δέ
1128 595 1174 645 τις
1197 570 1236 650 ἐρε

118 677 182 737 τὼν
204 673 287 756 πρὸς
310 670 432 732 ἅπαντα
455 665 743 750 φιλονεικούντων,
767 667 813 727 ὅτι
836 671 951 729 τοῦτον
974 670 1054 739 ἴσως
1069 666 1184 751 ἔγραψε
1199 670 1236 730 τὸ

117 772 221 856 λόγον
242 778 310 843 ταῖς
333 763 573 849 Ἀριστοτέλους
596 759 856 845 {evomendo-(2)
881 769 1052 849 τέχναις,
1076 768 1134 830 τὸν
1157 768 1236 847 κράτι

117 901 196 938 στον
218 870 366 935 ἁπάντων
389 869 493 950 λόγον
512 861 572 943 (5)
595 863 705 927 πολλὰ
729 865 811 947 πρὸς
835 865 932 929 αὐτὸν
962 869 1058 930 εἰπεῖν
1074 867 1182 952 ἐ’χων,
1203 871 1237 930 iv·

117 974 159 1053 μὴ
189 971 381 1054 μακρότερος
415 971 472 1029 τοῖι
496 960 625 1037 δέοντος
649 965 666 1025 ὁ
690 960 794 1044 λόγος
818 966 944 1047 γένηταί
965 991 1036 1045 μοι,
1072 970 1232 1029 καὶτοῦτο

119 1067 278 1142 ἐπιδείξειν
319 1068 531 1151 ὑπισχνοῦμαι
570 1064 627 1125 τὸν
664 1063 775 1146 dymno
814 1064 876 1147 πρὸ
914 1069 979 1126 τὼν
1015 1065 1237 1148 Ἀριστοτέλον

118 1175 266 1258 τεχνῶν
289 1167 578 1248 ἐπιτετελεσμένον,
602 1164 685 1248 πάτῳ
709 1161 909 1249 χρησάμενος
934 1171 981 1248 τῳ”
998 1163 1168 1249 φιλοσόφῳ
1182 1165 1237 1251 μάρ

117 1301 195 1357 τνρι.
227 1273 365 1354 Πραθεὶς·
398 1268 460 1352 γὰρ
494 1268 596 1329 τόπον
619 1261 842 1344 ἐνθυμημάτων
864 1265 922 1327 τὸν
945 1266 976 1327 ἐκ
1008 1267 1072 1328 τῶν
1096 1267 1179 1348 πρὸς
1202 1263 1237 1328 ά)

117 1370 225 1446 ληλα,
258 1376 352 1433 ταῦτα
383 1367 458 1431 κατὰ
482 1362 569 1437 λέξιν
591 1361 725 1447 γράφει·
774 1361 937 1440 »Ἄλλος
975 1366 1010 1427 ἐκ
1043 1371 1121 1429 τῶν
1155 1369 1237 1449 πρὸ

118 1468 294 1544 άλληλα·
342 1470 382 1530 Ei
412 1466 487 1550 γὰρ
520 1465 671 1546 θατέρῳ
706 1460 867 1547 ὑπάρχει
893 1464 937 1525 τὸ
961 1459 1127 1538 δικαίως
1150 1481 1238 1530 ποιί

118 1565 258 1647 occid),
280 1569 430 1650 θατέρῳ
462 1565 503 1627 τὸ
536 1564 794 1625 πεπονθέναι·
830 1566 893 1624 καὶ
917 1565 947 1625 εί
972 1561 1173 1638 κελεῦσαι,
1196 1594 1238 1629 κα

118 1669 161 1731 τὸ
196 1669 472 1743 πεποιηκέναι·
507 1663 622 1736 οἷον,
657 1661 707 1734 ὡς
731 1663 749 1722 ὁ
782 1659 956 1735 τελώνης
990 1659 1238 1743 Διομέδων(ἓ

118 1775 205 1852 περὶ
250 1775 325 1833 τοῖν
361 1766 513 1831 τελῶν·
579 1765 619 1826 Ei
657 1763 728 1846 γὰρ
764 1758 847 1842 μηδ’
882 1763 971 1844 ὑμῖν
1006 1765 1183 1849 αἰσχρὸν
1216 1793 1233 1827 τ

118 1867 285 1943 πωλεῖν,
315 1863 393 1932 οὐδ’
428 1867 523 1946 ἡμῖν
546 1865 587 1928 τὸ
613 1863 821 1926 ὠνεῖσθαι·
845 1865 926 1925 καὶ·
974 1865 1015 1926 Εἰ
1039 1869 1090 1947 τῳ
1113 1891 1238 1928 πεπον

119 1970 213 2032 θότι
246 1968 289 2030 τὸ
324 1964 453 2038 καλῶς
484 1958 605 2039 xciiii)
631 1956 784 2039 δικαίως
810 1959 998 2045 ὑπάρχει,
1021 1964 1085 2046 (τῳ
1114 1989 1234 2045 πεπρα

117 2072 246 2152 γμένῳ
279 2063 448 2149 ὑπάρξει(
474 2069 532 2126 καὶ
557 2066 608 2145 τῳ
631 2065 873 2134 ποιήσαντι·
899 2067 978 2138 καὶ,
1011 2065 1050 2139 (εἶ
1073 2068 1124 2146 τῷ
1149 2066 1233 2134 ποιι)

118 2172 258 2245 σοντι.)
295 2171 356 2230 καὶ
390 2170 441 2248 τῳ
473 2159 777 2240 πεπονθότι(ἶ)·
819 2161 926 2233 ’Ἐστι
959 2158 985 2226 δ’
1010 2165 1050 2225 ἐν
1073 2166 1237 2246 codrus<

118 2266 488 2352 παραλογίσασθαι.
550 2262 601 2324 Οὐ
654 2263 748 2346 γὰρ,
787 2264 816 2325 εἶ
862 2259 1029 2336 δικαίως
1074 2258 1239 2338 έπαθί(9

117 2397 191 2446 τις,
241 2373 300 2433 καὶ
347 2363 513 2438 δικαίως
561 2364 632 2426 ὑπὸ
681 2368 748 2426 σοῦ
784 2361 1060 2442 πέπονθε·(ί(ί)
1111 2361 1169 2428 διὸ
1197 2360 1225 2427 δε

150 2545 185 2613 (l)
220 2547 259 2596 Sic
285 2547 334 2594 iem
362 2544 477 2596 Bentleus
503 2542 585 2590 locum
601 2540 753 2604 emendavit,
778 2557 853 2605 quum
879 2547 949 2590 nnten
975 2542 1109 2606 legeretur:
1130 2545 1239 2607 ἄρχοντι)

119 2626 165 2689 μὲν
181 2624 300 2675 ἐνιαυτὸν
322 2626 384 2688 μετὰ
409 2642 431 2674 τ.
457 2639 475 2672 ε.
502 2641 527 2685 χ.
552 2639 576 2684 μ.
604 2619 669 2670 ὀκτὼ
694 2619 717 2668 δὲ
742 2622 804 2683 μετὰ
822 2639 843 2670 τ.
861 2625 890 2669 Φ.
908 2639 931 2670 τ.
949 2619 1018 2669 Amb.
1036 2626 1117 2671 servet
1134 2620 1239 2681 vulgatu

119 2703 255 2753 lectionem.

154 2778 189 2842 (2)
223 2780 379 2842 ἐντετευχιίις
397 2777 467 2827 Amb.

153 2855 190 2921 (3)
224 2857 344 2906 Ultimum
362 2856 508 2907 vocabulum
525 2855 609 2904 abesse
624 2854 715 2903 malim.

153 2933 190 2999 (4)
224 2934 275 2985 Om
294 2936 375 2985 vocab.
393 2934 496 3000 θατέρῳ
513 2938 621 2993 ποιῆσαι
639 2933 708 2981 Amb.

154 3013 191 3079 (5)
224 3017 237 3064 ὁ
262 3014 387 3079 Διομέδων
408 3013 491 3074 nme,
518 3029 562 3062 om.
580 3028 630 3063 voc.
648 3014 863 3077 ecpi-reuuvdn
898 3011 937 3060 Ita
953 3013 1019 3060 enim
1036 3013 1167 3075 legebatur.
1199 3014 1240 3074 Eg

121 3093 215 3142 correxi
231 3108 261 3140 ex
280 3092 379 3141 Aristot.
399 3090 469 3140 Rhet.
487 3089 532 3153 Il,
558 3093 597 3140 23.

154 3169 189 3234 (6)
223 3169 295 3218 Arist.
324 3170 340 3229 ἦ
367 3170 381 3218 l.
398 3169 415 3218 i.
432 3168 513 3217 minus
528 3175 597 3217 recte.
632 3166 707 3216 Uncis
723 3167 848 3231 quadratis
865 3167 940 3230 sepsi,
958 3183 1020 3231 quac
1038 3168 1073 3233 (ot
1090 3169 1142 3217 iure
1159 3170 1240 3231 opino!

120 3263 169 3295 non
186 3248 302 3310 leguntur
317 3248 381 3309 apud
399 3247 569 3309 Aristotelem,
586 3246 711 3308 rotundis,
728 3261 789 3310 quae
806 3263 836 3295 ex
853 3248 937 3297 codem
953 3248 1051 3297 inserui.

154 3323 189 3389 (7)
224 3323 297 3373 codd.
317 3325 332 3383 ι)
350 3328 467 3375 ποιοῦντι
483 3341 538 3387 pro:
556 3327 597 3374 καὶ
615 3324 826 3386 ιε’-πεπονθότα
854 3343 915 3390 quae
934 3326 1061 3376 emendavi
1078 3342 1108 3375 ex
1126 3326 1197 3375 Arist.
1213 3339 1240 3374 e<

154 3400 189 3465 (8)
224 3401 248 3450 u
265 3405 340 3451 τοῦτο
358 3402 426 3450 Amb.
443 3407 469 3450 et
484 3402 535 3450 cod.
555 3403 587 3449 Ac
603 3401 750 3451 Aristotelis.

155 3478 190 3543 (9)
224 3479 330 3527 Additur
346 3479 372 3527 in
388 3480 454 3528 codd.
472 3479 590 3542 particula
606 3482 639 3530 dv
650 3486 706 3544 post
717 3481 826 3542 ἔπαθεν,
843 3497 916 3544 quam
927 3482 1040 3545 expunxi⁴
1060 3479 1241 3530 Nechubentfi

120 3557 187 3606 codd
206 3557 290 3611 Arist..
307 3558 371 3606 unde
389 3564 473 3606 contra
489 3560 582 3608 adscivi
597 3560 756 3608 necessaiinm
773 3562 885 3610 voculam
903 3561 996 3625 τις(τι).
1014 3562 1146 3626 Sequentia
1157 3563 1186 3610 dc
1197 3573 1240 3610 co1

120 3637 213 3683 iectura
224 3636 323 3686 mutavi
343 3637 386 3685 Est
398 3639 463 3685 enim
471 3638 496 3686 in
504 3638 571 3687 codd.
590 3638 651 3689 ὑπὸ
669 3639 790 3689 τούτου
808 3640 953 3701 πέπονθεν,
971 3641 1029 3688 dum
1039 3642 1065 3689 in
1079 3642 1177 3691 Aristot.
1187 3641 1241 3690 edit

120 3715 232 3762 scribitur
247 3716 295 3764 sic:
312 3715 332 3762 εἰ
348 3718 396 3780 γὰρ
414 3715 513 3774 δικαίως
530 3716 627 3766 {eratin
644 3737 667 3767 τι
681 3717 707 3782 (1.
721 3715 770 3780 τις)
783 3717 883 3775 δικαίως
896 3717 1042 3781 πέπονθεν,
1061 3721 1119 3770 ἀλλ’
1133 3724 1192 3777 ἴσως
1203 3718 1238 3770 οὐ

122 3793 173 3844 ὑπὸ
193 3797 252 3856 σοῦ,
269 3810 330 3858 quae
347 3795 465 3858 sen'ptura
486 3796 575 3845 abillo
592 3796 682 3846 mirum
699 3801 819 3861 quantum
836 3796 917 3846 dietat.
952 3795 1011 3844 Mox
1027 3813 1071 3859 pro
1088 3799 1122 3847 ἂν
1140 3799 1241 3861 ἁρμόττ

121 3889 158 3933 ap.
188 3873 259 3921 Arist.
285 3873 375 3934 legitur
399 3874 525 3937 ἁρμόττει.
560 3871 628 3928 Quae
654 3875 741 3924 deiude
761 3880 897 3938 sequuntur
919 3875 949 3924 ab
976 3875 1028 3938 ipso
1055 3875 1172 3941 Dionysio
1196 3887 1241 3925 sun

121 3957 244 4001 contracta
261 3953 288 4001 in
303 3952 406 4003 brcviue.
442 3952 473 4000 In
490 3953 578 4004 vicinia
595 3954 633 4003 διό
650 3963 706 4004 onte
724 3955 760 4004 λεῖ
777 3954 869 4004 inserui
881 3969 910 4003 ex
923 3955 1005 4016 Amb.;
1020 3961 1045 4005 et
1056 3956 1092 4006 sic
1105 3956 1241 4005 Aristotele!

154 4029 205 4093 (10)
240 4031 315 4080 Omisi
332 4031 460 4081 voeabula:
479 4032 512 4088 ὡς
529 4033 542 4082 ὁ
558 4033 636 4095 φόνον
653 4035 711 4087 ἄξια
730 4035 841 4092 ποιήσας
858 4033 959 4095 πατὴρ,
977 4033 997 4081 εἰ
1015 4034 1066 4086 ὑπὸ
1084 4039 1130 4085 τοῦ
1143 4037 1196 4085 υἱοῦ
1208 4032 1241 4084 το(

120 4105 211 4155 ἑαυτοῦ
229 4109 277 4166 τὴν
294 4109 336 4157 ἐπὶ
353 4110 458 4173 θανάτῳ
475 4110 618 4174 ἀπάγεται,
641 4126 703 4174 quoe
719 4112 838 4174 leguntur
857 4111 883 4159 in
899 4111 961 4158 codd
985 4117 1009 4159 et
1026 4112 1075 4159 edd.
1113 4112 1208 4160 Abeunt
1222 4105 1241 4156 al

121 4183 190 4234 Amb.
207 4185 285 4242 libro,
303 4193 328 4235 et
345 4187 483 4236 Aristotelis
499 4203 593 4251 quoque
610 4189 678 4236 codd.
696 4205 790 4238 summo
813 4205 932 4238 consensu
948 4190 995 4238 ieta
1012 4189 1137 4238 omittunt.
1166 4192 1242 4239 Pontes

120 4263 218 4310 demum
235 4264 344 4326 exempla
361 4263 431 4313 affert
448 4265 603 4328 Aristoteles,
621 4272 645 4314 et
661 4273 711 4314 tem
727 4268 830 4316 absurde
846 4269 905 4316 hoec
923 4267 995 4318 verbo
1006 4267 1207 4329 imponuntur,
1224 4271 1242 4312 ut

120 4340 160 4389 vel
183 4340 235 4389 nine
251 4341 318 4390 codd.
341 4357 479 4406 expungere
501 4359 551 4391 non
574 4343 717 4394 dubitarem.
752 4346 862 4395 ‘scudem
888 4360 943 4394 cum
961 4345 1030 4396 Amb.
1049 4346 1149 4410 scripsi:
1170 4347 1199 4394 ἐν
1216 4345 1242 4407 τῷ

119 4418 279 4482 Ἀλκμαίωνι
295 4421 332 4483 τῷ
349 4419 402 4484 (pro
420 4418 475 4484 τοῦ)
493 4420 636 4473 θεοδέττον.
