2754 5018
552 266 557 274 ’
628 247 651 332 S

65 461 136 524 κῶν
158 463 357 543 συγγραφεῖς
380 458 428 522 καὶ
451 455 624 540 ἀγωνισταὶ
647 452 759 540 λόγων
780 453 975 541 ῥητορικῶν,
999 454 1028 518 oi
1044 457 1113 536 περὶ
1131 460 1209 520 θεο-

65 553 179 636 &udan
201 560 251 620 καὶ
275 551 480 632 Φίλισκονῌ(
506 558 555 618 καὶ
578 554 697 619 Ἰσαῖον
720 560 768 619 καὶ
794 550 1048 638 Κηφισόδωρον,
1071 550 1208 637 Ὑπερεί-

67 651 130 730 δην
144 651 183 734 (9(
215 680 246 717 τε
280 658 329 718 καὶ
361 658 550 734 Λυκοῦργον
574 656 622 715 καὶ
648 656 822 738 Αἰσχίνην·
848 650 913 715 οὔτ’
937 651 1034 725 αὐτὸς
1058 654 1075 713 ὁ
1101 657 1210 729 Δημο·

67 758 187 829 σθένης
219 757 237 817 ὁ
265 754 389 828 πάντας
413 749 679 836 ὑπερβαλόμενος
701 755 778 827 τούς
800 779 831 816 τε
854 751 917 837 πρὸ
941 752 1038 814 αὑτοῦ
1063 755 1111 814 καὶ
1134 753 1210 825 τοὺς

67 855 141 920 καθ’
165 855 299 930 ἔαυτόν,
323 858 373 917 καὶ
395 849 471 935 μηδὲ
494 861 562 932 τοῖς
585 850 857 938 γενησομένοιςίό(
883 849 1070 937 ὑπερβολὴν
1085 850 1208 916 καταλι-

66 958 161 1032 πῶν,
193 962 351 1029 τοσοῦτος
381 952 420 1018 ἂν
431 950 470 1032 (ti)
503 956 625 1038 ἐγένετο
648 963 717 1027 τοῖς
739 954 942 1038 Ἰσοκράτους
965 979 995 1015 τε
1018 956 1066 1015 καὶ
1090 951 1208 1015 Ἰσαίου

67 1057 288 1137 κοσμούμενος
310 1050 591 1136 παραγγέλμασιν,
615 1056 638 1116 εί
661 1054 702 1134 μὴ
718 1053 776 1125 τὰς
791 1049 1034 1136 Ἀριστοτέλους
1057 1052 1207 1134 τέχνας

67 1149 229 1232 ἐξέμαθεν.

498 1336 662 1413 CAPUT
705 1340 781 1415 III.

111 1507 190 1573 Οίικ
211 1505 281 1570 ἐστ’
304 1504 442 1586 ἐτυμος
465 1502 589 1589 λόγος
612 1507 725 1584 οὗτος
740 1503 795 1586 (ὅ),
810 1505 834 1569 ῶ
851 1503 917 1589 φίλ’
928 1504 1073 1586 Ἀμμαῖε,
1096 1500 1163 1568 οὐδ’
1175 1505 1206 1568 ἐκ

62 1612 130 1673 τῶν
153 1604 395 1692 Ἀριστοτέλους
417 1609 570 1689 τεχνῶν
592 1609 656 1670 τῶν
680 1607 813 1691 ὕστερον
837 1604 1061 1689 ἐξενεχθεισῶν
1093 1607 1122 1668 οἱ
1143 1613 1205 1678 Δη-

60 1710 246 1790 μοσθένους
289 1703 385 1788 λόγοι
439 1706 682 1790 συνετάχθησαν
695 1754 705 1782 ,
745 1705 832 1771 ιἰλλὰ
872 1704 941 1769 καθ’
979 1705 1083 1787 ἐτέρας
1117 1703 1205 1780 τινὰς

62 1801 313 1892 είσαγιογάς(6(·
344 1807 422 1890 ὑπὲρ
454 1807 499 1870 ῶν
533 1808 566 1870 ἐν
602 1803 663 1890 iiia
698 1803 833 1881 δηλώσω
859 1809 967 1890 γραφῇ
988 1804 1026 1867 τὰ
1050 1799 1206 1867 δοκοῦντά

60 1936 117 1991 μοι
144 1905 259 1985 (πολὺς
281 1905 343 1989 γὰρ
368 1909 386 1968 ὁ
409 1908 478 1988 περὶ
503 1905 606 1970 αὐτῶν
629 1905 751 1990 λόγος,
781 1908 820 1971 ὃν
844 1907 882 1971 οὐ
907 1902 1014 1978 καλῶς
1038 1902 1122 1987 εἶχεν
1146 1904 1204 1966 ἐτί-

61 2036 126 2093 ρας
148 2013 275 2091 γραφῆς
297 2012 424 2078 ποιῆσαι
446 2005 617 2090 πάρεργον(
635 2002 673 2085 (7)
698 2008 731 2069 ἐν
755 2003 786 2070 δὲ
810 2011 854 2090 τῷ
876 2005 1012 2087 παρόντι
1033 2008 1127 2065 τοῦτο
1141 2028 1204 2065 πει·

61 2106 203 2191 ράσομαι
226 2103 363 2188 φανερὸν
385 2112 531 2178 ποιῆσαι,
554 2107 622 2178 ὅτι,
660 2108 890 2186 Δημοσθένους
913 2101 1112 2184 ἀκμάζοντος
1145 2097 1205 2176 ἤδη

63 2204 143 2270 κατὰ
177 2206 235 2279 τὴν
267 2202 454 2280 πολιτείαν,
482 2207 628 2282 καὶτοὺς
651 2205 916 2288 ἐπιφανεστάτους
939 2202 1099 2286 εἰρηκότος
1121 2199 1205 2283 άγῶ-

64 2326 127 2378 νας
138 2350 149 2380 ,
171 2306 248 2378 τοάς
269 2330 301 2367 τε
325 2299 502 2377 δικανικοὺς
525 2307 574 2368 καὶ
597 2307 671 2380 τοὺς
695 2300 949 2390 δημηγορικοὺς,
972 2303 1021 2364 καὶ
1044 2297 1205 2380 θαυμαζο-

61 2407 160 2486 μένου
194 2399 244 2468 διὰ
274 2403 379 2478 πάσης
413 2413 470 2477 τῆς
502 2401 665 2482 Ἑλλάδος
693 2407 741 2469 ἐπὶ
776 2403 927 2478 δεινότητι
960 2400 1095 2483 λόγοιν,
1134 2397 1203 2461 τόθ’

64 2508 83 2568 ό
118 2501 301 2588 φιλόσοφος
334 2501 403 2575 τὰς
435 2499 656 2585 ῥητορικὰς
679 2502 795 2587 ἔγραψε
817 2505 971 2586 τέχνας.
1014 2493 1154 2580 Ἀνάγκη
1178 2494 1204 2562 δ’

61 2599 143 2678 ἰ’σως
166 2601 323 2684 πρότερον
337 2595 374 2677 (8(
385 2647 395 2675 ,
419 2601 479 2662 ὅσα
501 2597 691 2684 παρέλαβον
714 2603 745 2664 ἐκ
767 2605 831 2665 τῶν
847 2602 961 2664 κοινῶν
977 2598 1143 2680 ἱστοριῶν,
1165 2592 1205 2669 ἃς

62 2695 232 2761 κατέλιπον
255 2697 328 2777 ἡμῖν
351 2699 381 2759 οἱ
403 2699 479 2770 τοὺς
501 2694 599 2781 βίους
621 2701 685 2762 τῶν
708 2695 836 2781 ἀνδρῶν
859 2692 1103 2776 συνταξάμενοι,
1126 2721 1202 2777 προ·

63 2802 170 2860 ειπεῖν.
214 2797 384 2876 ποιήσομαι
408 2791 436 2859 δ’
459 2796 523 2860 άπὸ
549 2801 784 2879 Δημοσθένους
805 2799 864 2873 τὴν
885 2798 1002 2881 ἀρχήν.

505 3053 660 3130 ΟΑΡΠΤ
704 3055 763 3131 IV.

104 3219 213 3296 Οὗτος
235 3222 391 3304 ἐγεννήθη
411 3225 468 3301 μέυ
491 3223 619 3305 ἐνιαυτῷ
641 3223 799 3306 πρότερον
820 3230 877 3295 τῆς
902 3222 1070 3293 ἑκατοστῆς
1086 3217 1203 3301 Ὀλυμ·

58 3315 197 3394 πιάδος,
232 3318 277 3382 ἐπ’
291 3313 330 3396 (9(
357 3318 519 3404 ι’ίρχοντος
549 3317 581 3384 δὲ
605 3321 821 3404 Τιμοκράτους
844 3323 888 3393 εἰς
912 3319 984 3393 ἐτος
1005 3321 1044 3392 ἦν
1067 3315 1204 3402 ἐμβεβη-

92 3465 133 3532 (1)
168 3463 471 3517 Οοάφ.οια1αψίλιοτον.
503 3467 612 3530 Vulgata
628 3467 729 3516 debetur
746 3465 884 3531 Sylburgio.

92 3544 135 3611 (2)
168 3544 250 3608 Vulgo
266 3543 410 3608 Ὑπερίδην.
445 3543 519 3596 coda
537 3546 606 3595 Amb.
623 3548 650 3596 P.
668 3546 758 3596 habent
775 3562 858 3597 veram
873 3545 1012 3596 lectionem.

93 3623 134 3690 (3)
168 3623 307 3690 γινομένοις
335 3623 404 3673 Amb.
457 3638 459 3643 ·

93 3699 134 3767 (4)
168 3698 221 3750 Om.
238 3702 271 3750 ἄν
292 3701 319 3748 in
336 3699 410 3749 coda
429 3699 550 3750 Addidere
565 3701 693 3752 Motelliua
709 3706 734 3752 et
751 3703 865 3753 Woifius.

93 3777 133 3843 (5)
168 3777 280 3841 Impense
296 3778 371 3827 miror
380 3779 502 3828 neminem
513 3781 583 3842 dum,
596 3781 662 3844 quod
678 3781 765 3842 sciam,
783 3780 984 3832 animadvertisse
996 3777 1170 3843 Dionysiumh
1188 3777 1205 3826 1.

56 3871 112 3907 non
128 3856 227 3918 illepide
242 3872 315 3906 snum
335 3856 413 3906 facere
429 3857 575 3919 pn'neipium
587 3861 726 3918 palinodiae
743 3861 769 3906 in
783 3856 1202 3920 Helenamsnns1cnon1ffmon.

56 3935 166 3986 Phaedr.
181 3950 204 3998 p.
224 3933 332 3998 niam:
357 3937 418 3984 Οὐκ
444 3935 503 3985 ἔστ’
530 3937 643 3997 ἔτυμος
667 3940 762 4002 λόγος
783 3935 890 3998 οὗτος,
914 3935 967 3986 οὐδ’
984 3935 1047 3999 ἔβας
1064 3935 1092 3984 ἐν
1109 3933 1202 3993 νηυσίν

55 4015 193 4078 εὐσίλμοις
208 4014 260 4064 ουδ’
277 4012 329 4063 ’ίιιεο
348 4013 468 4077 Πέργαμα
485 4017 584 4078 Τροίας.

92 4090 140 4155 (6)’
167 4089 206 4141 Ita
222 4091 303 4152 Amb.;
321 4091 395 4154 vulgo
412 4092 496 4140 ordine
512 4092 595 4141 minus
611 4091 711 4140 idoneo:
730 4093 873 4157 εἰσαγωγάς
890 4111 977 4150 τινας.

94 4169 132 4236 (7)
167 4168 305 4220 voeabula:
323 4171 582 4235 πολὺς-πάρεργον.
600 4171 671 4233 posui
686 4170 714 4219 in
729 4171 876 4233 parenthesi.

93 4245 132 4311 (8)
166 4246 274 4308 Repoaui
290 4249 417 4311 πρότερον
432 4262 476 4309 pro
494 4251 607 4312 πρῶτον.

94 4322 136 4388 (9)
168 4320 207 4372 De
221 4339 275 4374 meo
291 4325 373 4374 addidi
390 4326 549 4376 necessariam
564 4327 767 4390 praepositionem
784 4325 833 4376 ἐπί.
869 4325 947 4375 ΡααΙο
967 4326 1024 4374 ante
1047 4321 1131 4371 malim
1142 4320 1202 4388 (ἑνὶ)

59 4403 181 4466 ἐνιαυτῷ.

1025 4480 1043 4546 1
1059 4484 1070 4507 t
